大富翁数据中心_市场代码,证券代码,时间,最新,成交笔数,成交额,成交量,方向,买一价,买二价,买三价,买四价,买五价,卖一价,卖二价,卖三价,卖四价,卖五价,买一量,买二量,买三量,买四量,买五量,卖一量,卖二量,卖三量,卖四量,卖五量
sz,000001,2016-01-04 09:25:00,12.0000,120,2526000.0000,2105.0000,B,12.0000,11.9900,11.9800,11.9700,11.9600,12.0100,12.0200,12.0300,12.0400,12.0500,808,4448,563,81,386,28,30,1173,35,6285
sz,000001,2016-01-04 09:30:01,12.0200,29,542413.0000,451.0000,B,12.0200,12.0000,11.9900,11.9800,11.9700,12.0300,12.0400,12.0500,12.0600,12.0700,33,1223,4561,513,81,1119,1020,6305,155,278
sz,000001,2016-01-04 09:30:04,12.0200,83,2053839.0000,1711.0000,S,12.0100,12.0000,11.9900,11.9800,11.9700,12.0200,12.0300,12.0400,12.0500,12.0600,9,1379,4768,1261,445,2974,1137,3355,6360,155
sz,000001,2016-01-04 09:30:07,12.0100,2,90075.0000,75.0000,S,12.0100,12.0000,11.9900,11.9800,11.9700,12.0200,12.0300,12.0400,12.0500,12.0600,6,1379,4768,1261,445,3500,1137,3355,6360,155
sz,000001,2016-01-04 09:30:15,12.0000,19,823240.0000,686.0000,S,12.0100,12.0000,11.9900,11.9800,11.9700,12.0200,12.0300,12.0400,12.0500,12.0600,2,733,4768,1261,445,3550,1137,3367,6360,155
sz,000001,2016-01-04 09:30:18,12.0000,6,25202.0000,21.0000,S,12.0000,11.9900,11.9800,11.9700,11.9600,12.0200,12.0300,12.0400,12.0500,12.0600,714,4768,1261,445,466,3562,1137,3367,6360,155
sz,000001,2016-01-04 09:30:22,12.0000,7,39600.0000,33.0000,S,12.0000,11.9900,11.9800,11.9700,11.9600,12.0100,12.0200,12.0300,12.0400,12.0500,685,4768,1261,445,466,81,3562,1137,3367,6360
sz,000001,2016-01-04 09:30:25,12.0000,2,16800.0000,14.0000,S,12.0000,11.9900,11.9800,11.9700,11.9600,12.0100,12.0200,12.0300,12.0400,12.0500,673,4768,1261,445,466,81,3562,1137,2867,6360
sz,000001,2016-01-04 09:30:28,12.0000,1,24000.0000,20.0000,S,12.0000,11.9900,11.9800,11.9700,11.9600,12.0100,12.0200,12.0300,12.0400,12.0500,653,4768,1261,445,466,105,3634,1137,2867,5652
sz,000001,2016-01-04 09:30:31,12.0000,2,49210.0000,41.0000,S,12.0000,11.9900,11.9800,11.9700,11.9600,12.0100,12.0200,12.0300,12.0400,12.0500,622,4768,1251,445,466,260,3584,1137,2797,5663
sz,000001,2016-01-04 09:30:34,12.0000,4,55230.0000,46.0000,S,12.0000,11.9900,11.9800,11.9700,11.9600,12.0100,12.0200,12.0300,12.0400,12.0500,606,4768,1251,445,466,930,3584,1137,2797,5663
sz,000001,2016-01-04 09:30:37,12.0100,35,933468.0000,778.0000,B,11.9900,11.9800,11.9700,11.9600,11.9500,12.0000,12.0100,12.0200,12.0300,12.0400,4616,1251,445,466,1832,101,745,3552,1137,2297
sz,000001,2016-01-04 09:30:39,12.0000,10,202635.0000,169.0000,B,11.9900,11.9800,11.9700,11.9600,11.9500,12.0000,12.0100,12.0200,12.0300,12.0400,4451,1251,445,466,1832,97,791,3552,1137,2297
sz,000001,2016-01-04 09:30:43,12.0000,3,148750.0000,124.0000,B,11.9900,11.9800,11.9700,11.9600,11.9500,12.0000,12.0100,12.0200,12.0300,12.0400,4400,1251,445,486,1832,371,791,3552,1137,2297
sz,000001,2016-01-04 09:30:49,11.9900,8,317780.0000,265.0000,S,11.9900,11.9800,11.9700,11.9600,11.9500,12.0000,12.0100,12.0200,12.0300,12.0400,4180,745,445,486,1855,5453,874,3552,1137,2297
sz,000001,2016-01-04 09:30:55,12.0000,6,312965.0000,261.0000,B,11.9900,11.9800,11.9700,11.9600,11.9500,12.0000,12.0100,12.0200,12.0300,12.0400,3945,745,445,485,1855,5953,874,3552,1137,2297
sz,000001,2016-01-04 09:30:58,11.9900,3,123498.0000,103.0000,S,11.9900,11.9800,11.9700,11.9600,11.9500,12.0000,12.0100,12.0200,12.0300,12.0400,3843,745,445,485,1855,5952,874,3552,1137,2297
sz,000001,2016-01-04 09:31:01,11.9900,33,4668285.0000,3893.0000,S,11.9800,11.9700,11.9600,11.9500,11.9400,11.9900,12.0000,12.0100,12.0200,12.0300,752,435,485,1855,55,573,6022,874,3552,1137
sz,000001,2016-01-04 09:31:02,11.9900,9,208575.0000,174.0000,B,11.9800,11.9700,11.9600,11.9500,11.9400,11.9900,12.0000,12.0100,12.0200,12.0300,701,435,486,1855,55,450,6022,874,3552,1129
sz,000001,2016-01-04 09:31:07,11.9800,6,58726.0000,49.0000,S,11.9800,11.9700,11.9600,11.9500,11.9400,11.9900,12.0000,12.0100,12.0200,12.0300,686,435,486,1855,55,1543,6075,1379,3552,1129
sz,000001,2016-01-04 09:31:10,11.9800,3,33552.0000,28.0000,S,11.9800,11.9700,11.9600,11.9500,11.9400,11.9900,12.0000,12.0100,12.0200,12.0300,666,435,486,1861,55,1535,6075,1379,3552,1129
sz,000001,2016-01-04 09:31:15,11.9800,11,192878.0000,161.0000,S,11.9800,11.9700,11.9600,11.9500,11.9400,11.9900,12.0000,12.0100,12.0200,12.0300,476,435,501,1911,55,1648,6075,679,3552,1129
sz,000001,2016-01-04 09:31:19,11.9800,3,207275.0000,173.0000,S,11.9800,11.9700,11.9600,11.9500,11.9400,11.9900,12.0000,12.0100,12.0200,12.0300,324,435,501,1911,55,1627,6073,679,3552,1129
sz,000001,2016-01-04 09:31:22,11.9700,16,517506.0000,432.0000,S,11.9700,11.9600,11.9500,11.9400,11.9300,11.9900,12.0000,12.0100,12.0200,12.0300,366,501,1911,55,321,1588,5549,609,3552,1129
sz,000001,2016-01-04 09:31:27,11.9800,3,123394.0000,103.0000,B,11.9700,11.9600,11.9500,11.9400,11.9300,11.9800,11.9900,12.0000,12.0100,12.0200,336,494,1971,55,571,242,1588,5474,609,3552
sz,000001,2016-01-04 09:31:31,11.9800,1,1198.0000,1.0000,B,11.9700,11.9600,11.9500,11.9400,11.9300,11.9800,11.9900,12.0000,12.0100,12.0200,336,494,1794,55,571,241,1590,5474,609,3552
sz,000001,2016-01-04 09:31:34,11.9700,7,217854.0000,182.0000,S,11.9700,11.9600,11.9500,11.9400,11.9300,11.9800,11.9900,12.0000,12.0100,12.0200,154,1494,1794,55,571,263,1577,5474,609,3552
sz,000001,2016-01-04 09:31:37,11.9600,17,287194.0000,240.0000,S,11.9600,11.9500,11.9400,11.9300,11.9200,11.9700,11.9800,11.9900,12.0000,12.0100,1429,1794,55,571,1143,1200,473,1577,5476,609
sz,000001,2016-01-04 09:31:40,11.9600,2,634380.0000,530.0000,S,11.9600,11.9500,11.9400,11.9300,11.9200,11.9700,11.9800,11.9900,12.0000,12.0100,1401,1806,55,574,1143,800,473,1577,5476,609
sz,000001,2016-01-04 09:31:42,11.9700,2,29925.0000,25.0000,B,11.9600,11.9500,11.9400,11.9300,11.9200,11.9700,11.9800,11.9900,12.0000,12.0100,1401,1806,55,574,1143,775,473,1577,5476,609
sz,000001,2016-01-04 09:31:45,11.9700,3,319599.0000,267.0000,B,11.9600,11.9500,11.9400,11.9300,11.9200,11.9700,11.9800,11.9900,12.0000,12.0100,1401,1806,55,574,1143,553,232,1577,5482,609
sz,000001,2016-01-04 09:31:49,11.9700,5,73017.0000,61.0000,B,11.9600,11.9500,11.9400,11.9300,11.9200,11.9700,11.9800,11.9900,12.0000,12.0100,1401,1806,55,574,1143,492,232,1377,5490,609
sz,000001,2016-01-04 09:31:52,11.9600,1,35880.0000,30.0000,S,11.9600,11.9500,11.9400,11.9300,11.9200,11.9700,11.9800,11.9900,12.0000,12.0100,1379,1796,55,580,1193,492,232,1377,5490,609
sz,000001,2016-01-04 09:31:55,11.9600,6,129183.0000,108.0000,S,11.9600,11.9500,11.9400,11.9300,11.9200,11.9700,11.9800,11.9900,12.0000,12.0100,1321,1797,55,580,1193,477,222,1377,5490,609
sz,000001,2016-01-04 09:31:58,11.9700,3,59820.0000,50.0000,B,11.9600,11.9500,11.9400,11.9300,11.9200,11.9700,11.9800,11.9900,12.0000,12.0100,1306,1807,85,580,1193,457,222,1377,5490,609
sz,000001,2016-01-04 09:32:01,11.9700,6,240547.0000,201.0000,B,11.9600,11.9500,11.9400,11.9300,11.9200,11.9700,11.9800,11.9900,12.0000,12.0100,1256,1822,85,590,4289,306,222,1375,5490,609
sz,000001,2016-01-04 09:32:04,11.9700,22,370913.0000,310.0000,B,11.9600,11.9500,11.9400,11.9300,11.9200,11.9700,11.9800,11.9900,12.0000,12.0100,1141,1832,86,696,4289,143,222,1375,5490,609
sz,000001,2016-01-04 09:32:07,11.9800,10,802710.0000,671.0000,B,11.9700,11.9600,11.9500,11.9400,11.9300,11.9800,11.9900,12.0000,12.0100,12.0200,33,661,1832,86,701,212,1375,5490,609,1573
sz,000001,2016-01-04 09:32:16,11.9700,8,281296.0000,235.0000,S,11.9700,11.9600,11.9500,11.9400,11.9300,11.9800,11.9900,12.0000,12.0100,12.0200,483,671,1852,101,732,261,1375,5510,681,1573
sz,000001,2016-01-04 09:32:22,11.9800,7,173598.0000,145.0000,B,11.9700,11.9600,11.9500,11.9400,11.9300,11.9800,11.9900,12.0000,12.0100,12.0200,432,707,1852,101,772,228,907,5510,681,1573
sz,000001,2016-01-04 09:32:25,11.9700,2,95760.0000,80.0000,S,11.9700,11.9600,11.9500,11.9400,11.9300,11.9800,11.9900,12.0000,12.0100,12.0200,362,737,1852,101,796,253,907,5510,681,1573
sz,000001,2016-01-04 09:32:28,11.9700,1,2394.0000,2.0000,S,11.9700,11.9600,11.9500,11.9400,11.9300,11.9800,11.9900,12.0000,12.0100,12.0200,587,707,1862,101,796,253,907,5501,681,1573
sz,000001,2016-01-04 09:32:31,11.9800,1,3594.0000,3.0000,B,11.9700,11.9600,11.9500,11.9400,11.9300,11.9800,11.9900,12.0000,12.0100,12.0200,1167,707,1862,106,796,250,927,5508,681,1573
sz,000001,2016-01-04 09:32:34,11.9800,2,53870.0000,45.0000,B,11.9700,11.9600,11.9500,11.9400,11.9300,11.9800,11.9900,12.0000,12.0100,12.0200,1178,707,1861,106,802,245,951,5508,681,1573
sz,000001,2016-01-04 09:32:37,11.9800,8,298302.0000,249.0000,B,11.9800,11.9700,11.9600,11.9500,11.9400,11.9900,12.0000,12.0100,12.0200,12.0300,813,1191,735,1901,106,950,5508,681,1573,1149
sz,000001,2016-01-04 09:32:43,11.9900,7,945798.0000,789.0000,B,11.9800,11.9700,11.9600,11.9500,11.9400,11.9900,12.0000,12.0100,12.0200,12.0300,662,1196,740,1901,190,405,5508,681,1573,1149
sz,000001,2016-01-04 09:32:46,11.9800,3,186888.0000,156.0000,S,11.9800,11.9700,11.9600,11.9500,11.9400,11.9900,12.0000,12.0100,12.0200,12.0300,761,1261,790,1901,190,405,5508,681,1573,1149
sz,000001,2016-01-04 09:32:49,11.9800,4,305640.0000,255.0000,S,11.9800,11.9700,11.9600,11.9500,11.9400,11.9900,12.0000,12.0100,12.0200,12.0300,706,1423,802,1901,190,255,5508,681,1573,1149
sz,000001,2016-01-04 09:32:52,11.9800,4,262360.0000,219.0000,S,11.9800,11.9700,11.9600,11.9500,11.9400,11.9900,12.0000,12.0100,12.0200,12.0300,513,1423,821,1901,190,255,5508,681,1573,1149
sz,000001,2016-01-04 09:32:55,11.9800,9,346224.0000,289.0000,S,11.9800,11.9700,11.9600,11.9500,11.9400,11.9900,12.0000,12.0100,12.0200,12.0300,224,1413,821,1901,200,405,5508,681,1573,1149
sz,000001,2016-01-04 09:32:58,11.9900,4,32356.0000,27.0000,B,11.9800,11.9700,11.9600,11.9500,11.9400,11.9900,12.0000,12.0100,12.0200,12.0300,327,1412,841,1951,200,906,5508,681,1573,1149
sz,000001,2016-01-04 09:33:00,11.9900,1,7192.0000,6.0000,B,11.9800,11.9700,11.9600,11.9500,11.9400,11.9900,12.0000,12.0100,12.0200,12.0300,351,1406,841,1951,200,900,5508,681,1573,1149
sz,000001,2016-01-04 09:33:04,11.9800,13,451648.0000,377.0000,S,11.9700,11.9600,11.9500,11.9400,11.9300,11.9800,11.9900,12.0000,12.0100,12.0200,1406,839,1951,200,913,273,1111,5508,681,1573
sz,000001,2016-01-04 09:33:07,11.9800,6,322260.0000,269.0000,B,11.9700,11.9600,11.9500,11.9400,11.9300,11.9800,11.9900,12.0000,12.0100,12.0200,1404,859,1951,200,913,22,1111,5508,681,1573
sz,000001,2016-01-04 09:33:10,11.9800,7,71880.0000,60.0000,B,11.9700,11.9600,11.9500,11.9400,11.9300,11.9800,11.9900,12.0000,12.0100,12.0200,1403,872,1951,210,913,62,1111,5508,681,1573
sz,000001,2016-01-04 09:33:13,11.9900,2,194176.0000,162.0000,B,11.9800,11.9700,11.9600,11.9500,11.9400,11.9900,12.0000,12.0100,12.0200,12.0300,938,1403,872,1951,210,1011,5508,681,1573,1149
sz,000001,2016-01-04 09:33:16,11.9800,2,10782.0000,9.0000,S,11.9800,11.9700,11.9600,11.9500,11.9400,11.9900,12.0000,12.0100,12.0200,12.0300,1001,1403,879,1941,210,1010,5508,681,1573,1149
sz,000001,2016-01-04 09:33:19,11.9900,10,208626.0000,174.0000,B,11.9800,11.9700,11.9600,11.9500,11.9400,11.9900,12.0000,12.0100,12.0200,12.0300,1030,1403,880,1946,210,837,5508,681,1573,1149
sz,000001,2016-01-04 09:33:22,11.9800,2,71888.0000,60.0000,S,11.9800,11.9700,11.9600,11.9500,11.9400,11.9900,12.0000,12.0100,12.0200,12.0300,1023,1394,882,1946,210,827,5508,681,1573,1149
sz,000001,2016-01-04 09:33:25,11.9900,7,274572.0000,229.0000,B,11.9800,11.9700,11.9600,11.9500,11.9400,11.9900,12.0000,12.0100,12.0200,12.0300,1047,1494,882,1946,210,793,5508,681,1573,1149
sz,000001,2016-01-04 09:33:28,11.9800,1,9584.0000,8.0000,S,11.9800,11.9700,11.9600,11.9500,11.9400,11.9900,12.0000,12.0100,12.0200,12.0300,1349,1513,902,1946,215,797,5508,681,1573,1149
sz,000001,2016-01-04 09:33:31,11.9800,1,9584.0000,8.0000,S,11.9800,11.9700,11.9600,11.9500,11.9400,11.9900,12.0000,12.0100,12.0200,12.0300,1527,1533,889,1946,210,816,5508,681,1573,1149
sz,000001,2016-01-04 09:33:34,11.9900,1,4796.0000,4.0000,B,11.9800,11.9700,11.9600,11.9500,11.9400,11.9900,12.0000,12.0100,12.0200,12.0300,1526,1533,981,1976,202,812,5509,681,1573,1149
sz,000001,2016-01-04 09:33:38,11.9900,3,293704.0000,245.0000,B,11.9800,11.9700,11.9600,11.9500,11.9400,11.9900,12.0000,12.0100,12.0200,12.0300,1476,1533,1001,1976,202,617,5509,681,1573,1119
sz,000001,2016-01-04 09:33:40,11.9900,6,127436.0000,106.0000,B,11.9800,11.9700,11.9600,11.9500,11.9400,11.9900,12.0000,12.0100,12.0200,12.0300,1444,1565,1001,1986,202,552,5509,681,1573,1119
sz,000001,2016-01-04 09:33:43,11.9900,2,55110.0000,46.0000,B,11.9800,11.9700,11.9600,11.9500,11.9400,11.9900,12.0000,12.0100,12.0200,12.0300,1599,1565,1001,1986,202,551,5509,181,1573,1119
sz,000001,2016-01-04 09:33:46,11.9800,4,389350.0000,325.0000,S,11.9800,11.9700,11.9600,11.9500,11.9400,11.9900,12.0000,12.0100,12.0200,12.0300,1347,1568,1001,1994,202,690,5509,181,1573,1119
sz,000001,2016-01-04 09:33:49,11.9800,5,467320.0000,390.0000,S,11.9800,11.9700,11.9600,11.9500,11.9400,11.9900,12.0000,12.0100,12.0200,12.0300,1071,1553,1001,1974,202,591,5509,181,1573,1119
sz,000001,2016-01-04 09:33:52,11.9900,3,33548.0000,28.0000,B,11.9800,11.9700,11.9600,11.9500,11.9400,11.9900,12.0000,12.0100,12.0200,12.0300,1056,1553,1101,1974,202,617,5509,181,1573,1119
sz,000001,2016-01-04 09:33:55,11.9900,10,739782.0000,617.0000,B,11.9900,11.9800,11.9700,11.9600,11.9500,12.0000,12.0100,12.0200,12.0300,12.0400,538,1086,1553,1081,1954,5509,181,1527,1119,2091
sz,000001,2016-01-04 09:34:01,11.9900,2,83930.0000,70.0000,S,11.9900,11.9800,11.9700,11.9600,11.9500,12.0000,12.0100,12.0200,12.0300,12.0400,768,1138,1573,1136,1954,5509,181,1527,1119,2091
sz,000001,2016-01-04 09:34:03,12.0000,2,61150.0000,51.0000,B,11.9900,11.9800,11.9700,11.9600,11.9500,12.0000,12.0100,12.0200,12.0300,12.0400,819,1139,1573,1139,1954,5508,181,1527,1119,2091
sz,000001,2016-01-04 09:34:07,11.9900,1,15586.0000,13.0000,S,11.9900,11.9800,11.9700,11.9600,11.9500,12.0000,12.0100,12.0200,12.0300,12.0400,822,1371,1573,1139,1960,5508,181,1527,1119,2091
sz,000001,2016-01-04 09:34:10,11.9900,3,97120.0000,81.0000,S,11.9900,11.9800,11.9700,11.9600,11.9500,12.0000,12.0100,12.0200,12.0300,12.0400,1062,1375,1573,1156,1995,5507,181,1527,1119,2091
sz,000001,2016-01-04 09:34:13,12.0000,2,120000.0000,100.0000,B,11.9900,11.9800,11.9700,11.9600,11.9500,12.0000,12.0100,12.0200,12.0300,12.0400,1074,1635,1586,1156,2025,5407,181,1527,1119,2091
sz,000001,2016-01-04 09:34:16,11.9900,1,3598.0000,3.0000,S,11.9900,11.9800,11.9700,11.9600,11.9500,12.0000,12.0100,12.0200,12.0300,12.0400,1600,1635,1586,1166,2025,5522,181,1527,1119,2091
sz,000001,2016-01-04 09:34:22,12.0000,3,67150.0000,56.0000,B,11.9900,11.9800,11.9700,11.9600,11.9500,12.0000,12.0100,12.0200,12.0300,12.0400,1635,1635,1586,1166,2087,5376,181,1527,1122,2091
sz,000001,2016-01-04 09:34:24,11.9900,1,35970.0000,30.0000,S,11.9900,11.9800,11.9700,11.9600,11.9500,12.0000,12.0100,12.0200,12.0300,12.0400,1605,1622,1586,1206,2100,5376,181,1527,1122,2091
sz,000001,2016-01-04 09:34:31,12.0000,5,29998.0000,25.0000,B,11.9900,11.9800,11.9700,11.9600,11.9500,12.0000,12.0100,12.0200,12.0300,12.0400,1758,1622,1696,1206,2100,5412,181,1527,1122,2110
sz,000001,2016-01-04 09:34:34,12.0000,8,510868.0000,426.0000,B,11.9900,11.9800,11.9700,11.9600,11.9500,12.0000,12.0100,12.0200,12.0300,12.0400,1441,1612,1696,1206,2094,5317,181,1527,1122,2110
sz,000001,2016-01-04 09:34:37,12.0000,1,12000.0000,10.0000,B,11.9900,11.9800,11.9700,11.9600,11.9500,12.0000,12.0100,12.0200,12.0300,12.0400,1438,1812,1696,1206,2094,5307,181,1527,1122,2110
sz,000001,2016-01-04 09:34:39,11.9900,1,13056.0000,11.0000,S,11.9900,11.9800,11.9700,11.9600,11.9500,12.0000,12.0100,12.0200,12.0300,12.0400,1582,1812,1696,1206,2094,5307,181,1527,1122,2110
sz,000001,2016-01-04 09:34:43,12.0000,4,52800.0000,44.0000,B,11.9900,11.9800,11.9700,11.9600,11.9500,12.0000,12.0100,12.0200,12.0300,12.0400,1580,1812,1701,1207,2094,5277,181,1527,1122,2110
sz,000001,2016-01-04 09:34:45,11.9900,1,56352.0000,47.0000,S,11.9900,11.9800,11.9700,11.9600,11.9500,12.0000,12.0100,12.0200,12.0300,12.0400,1533,2562,1701,1207,2094,5277,181,1527,1122,2110
sz,000001,2016-01-04 09:34:49,12.0000,2,85200.0000,71.0000,B,11.9900,11.9800,11.9700,11.9600,11.9500,12.0000,12.0100,12.0200,12.0300,12.0400,1543,2562,1503,1210,2094,5207,181,1527,1122,2110
sz,000001,2016-01-04 09:34:52,12.0000,1,2400.0000,2.0000,B,11.9900,11.9800,11.9700,11.9600,11.9500,12.0000,12.0100,12.0200,12.0300,12.0400,1543,2568,1503,1225,2103,5205,181,1527,1122,2110
sz,000001,2016-01-04 09:34:55,11.9900,1,4796.0000,4.0000,S,11.9900,11.9800,11.9700,11.9600,11.9500,12.0000,12.0100,12.0200,12.0300,12.0400,1539,2574,1503,1225,2103,5543,181,1527,1122,2110
sz,000001,2016-01-04 09:34:58,12.0000,3,3715200.0000,3096.0000,B,11.9900,11.9800,11.9700,11.9600,11.9500,12.0000,12.0100,12.0200,12.0300,12.0400,1549,2573,1503,1225,2103,2447,181,1527,1122,2110
sz,000001,2016-01-04 09:35:01,12.0000,3,34800.0000,29.0000,B,11.9900,11.9800,11.9700,11.9600,11.9500,12.0000,12.0100,12.0200,12.0300,12.0400,1549,2603,1503,1235,2191,2526,181,1527,1122,2110
sz,000001,2016-01-04 09:35:04,12.0000,6,279600.0000,233.0000,B,11.9900,11.9800,11.9700,11.9600,11.9500,12.0000,12.0100,12.0200,12.0300,12.0400,1558,2603,1503,1235,2193,2293,181,1527,1122,2110
sz,000001,2016-01-04 09:35:06,12.0000,2,265200.0000,221.0000,S,11.9900,11.9800,11.9700,11.9600,11.9500,12.0000,12.0100,12.0200,12.0300,12.0400,1557,2603,1503,1234,2200,2093,181,1527,1122,2110
sz,000001,2016-01-04 09:35:10,12.0000,1,4800.0000,4.0000,B,11.9900,11.9800,11.9700,11.9600,11.9500,12.0000,12.0100,12.0200,12.0300,12.0400,1557,2603,1498,1234,2200,2089,181,1527,1122,2098
sz,000001,2016-01-04 09:35:13,11.9900,3,27588.0000,23.0000,S,11.9900,11.9800,11.9700,11.9600,11.9500,12.0000,12.0100,12.0200,12.0300,12.0400,1520,2603,1498,1254,2220,2076,181,1527,1122,2098
sz,000001,2016-01-04 09:35:16,12.0000,2,96000.0000,80.0000,B,11.9900,11.9800,11.9700,11.9600,11.9500,12.0000,12.0100,12.0200,12.0300,12.0400,1520,2604,1496,1265,2260,1996,181,1527,1122,2098
sz,000001,2016-01-04 09:35:19,12.0000,16,2395392.0000,1996.0000,B,12.0000,11.9900,11.9800,11.9700,11.9600,12.0100,12.0200,12.0300,12.0400,12.0500,149,1526,2652,1499,1265,821,1527,1122,2099,5652
sz,000001,2016-01-04 09:35:31,12.0000,7,259200.0000,216.0000,S,12.0000,11.9900,11.9800,11.9700,11.9600,12.0100,12.0200,12.0300,12.0400,12.0500,430,1568,2581,1490,1283,923,1527,1122,2099,5652
sz,000001,2016-01-04 09:35:40,12.0100,3,25068.0000,21.0000,B,12.0000,11.9900,11.9800,11.9700,11.9600,12.0100,12.0200,12.0300,12.0400,12.0500,444,1588,2622,1508,1285,933,1527,1122,2099,5652
sz,000001,2016-01-04 09:35:43,12.0000,6,57616.0000,48.0000,S,12.0000,11.9900,11.9800,11.9700,11.9600,12.0100,12.0200,12.0300,12.0400,12.0500,441,1595,2622,1508,1285,915,1527,1122,2099,5652
sz,000001,2016-01-04 09:35:46,12.0200,14,1262388.0000,1051.0000,B,12.0000,11.9900,11.9800,11.9700,11.9600,12.0200,12.0300,12.0400,12.0500,12.0600,461,1633,2622,1508,1285,1391,1122,2106,5666,5
sz,000001,2016-01-04 09:35:49,12.0000,4,24000.0000,20.0000,S,12.0100,12.0000,11.9900,11.9800,11.9700,12.0200,12.0300,12.0400,12.0500,12.0600,11,512,1629,2622,1498,1391,1122,2106,5666,5
sz,000001,2016-01-04 09:35:54,12.0100,1,3604.0000,3.0000,S,12.0100,12.0000,11.9900,11.9800,11.9700,12.0200,12.0300,12.0400,12.0500,12.0600,78,520,1634,2612,1498,1391,1122,2106,5666,5
sz,000001,2016-01-04 09:35:58,12.0100,3,24020.0000,20.0000,S,12.0100,12.0000,11.9900,11.9800,11.9700,12.0200,12.0300,12.0400,12.0500,12.0600,58,573,1634,2612,1498,1391,1122,2106,5666,5
sz,000001,2016-01-04 09:36:01,12.0100,1,24020.0000,20.0000,S,12.0100,12.0000,11.9900,11.9800,11.9700,12.0200,12.0300,12.0400,12.0500,12.0600,58,573,1634,2613,1498,1391,1122,2106,5666,5
sz,000001,2016-01-04 09:36:04,12.0200,1,1200.0000,1.0000,B,12.0100,12.0000,11.9900,11.9800,11.9700,12.0200,12.0300,12.0400,12.0500,12.0600,60,605,1634,2613,1498,1390,1122,2106,5677,5
sz,000001,2016-01-04 09:36:07,12.0200,6,60060.0000,50.0000,B,12.0100,12.0000,11.9900,11.9800,11.9700,12.0200,12.0300,12.0400,12.0500,12.0600,96,975,1624,2613,1508,1381,1122,2106,5677,5
sz,000001,2016-01-04 09:36:10,12.0100,3,115296.0000,96.0000,S,12.0000,11.9900,11.9800,11.9700,11.9600,12.0100,12.0200,12.0300,12.0400,12.0500,1020,1624,2613,1508,1318,212,1381,1122,2140,5677
sz,000001,2016-01-04 09:36:13,12.0000,4,72040.0000,60.0000,S,12.0000,11.9900,11.9800,11.9700,11.9600,12.0100,12.0200,12.0300,12.0400,12.0500,1135,1624,2613,1508,1318,272,1381,1122,2140,5677
sz,000001,2016-01-04 09:36:16,12.0100,1,2404.0000,2.0000,B,12.0000,11.9900,11.9800,11.9700,11.9600,12.0100,12.0200,12.0300,12.0400,12.0500,1125,1624,2613,1508,1477,270,1381,1122,2140,5677
sz,000001,2016-01-04 09:36:19,12.0100,4,132108.0000,110.0000,B,12.0000,11.9900,11.9800,11.9700,11.9600,12.0100,12.0200,12.0300,12.0400,12.0500,1232,1624,2613,1508,1477,160,1431,1132,2140,5677
sz,000001,2016-01-04 09:36:25,12.0100,6,56428.0000,47.0000,B,12.0000,11.9900,11.9800,11.9700,11.9600,12.0100,12.0200,12.0300,12.0400,12.0500,947,1624,2613,1509,1489,312,1434,132,2190,5677
sz,000001,2016-01-04 09:36:28,12.0000,33,1186772.0000,989.0000,S,11.9900,11.9800,11.9700,11.9600,11.9500,12.0000,12.0100,12.0200,12.0300,12.0400,1624,2613,1509,1489,2318,70,295,1434,132,2200
sz,000001,2016-01-04 09:36:31,12.0100,11,644244.0000,537.0000,B,12.0100,12.0000,11.9900,11.9800,11.9700,12.0200,12.0300,12.0400,12.0500,12.0600,518,50,1624,2613,1509,1458,132,2200,5672,5
sz,000001,2016-01-04 09:36:34,12.0100,7,606508.0000,505.0000,S,12.0100,12.0000,11.9900,11.9800,11.9700,12.0200,12.0300,12.0400,12.0500,12.0600,113,260,1624,2623,1509,1458,129,2200,5672,5
sz,000001,2016-01-04 09:36:39,12.0100,4,26420.0000,22.0000,S,12.0100,12.0000,11.9900,11.9800,11.9700,12.0200,12.0300,12.0400,12.0500,12.0600,101,318,1654,2623,1509,1458,129,2200,5672,5
sz,000001,2016-01-04 09:36:43,12.0100,3,31096.0000,26.0000,S,12.0100,12.0000,11.9900,11.9800,11.9700,12.0200,12.0300,12.0400,12.0500,12.0600,95,621,1654,2595,1509,1458,129,2200,5672,5
sz,000001,2016-01-04 09:36:52,12.0200,2,33636.0000,28.0000,B,12.0100,12.0000,11.9900,11.9800,11.9700,12.0200,12.0300,12.0400,12.0500,12.0600,236,627,1632,2571,1509,1449,199,2190,5672,5
sz,000001,2016-01-04 09:36:55,12.0200,9,110492.0000,92.0000,B,12.0100,12.0000,11.9900,11.9800,11.9700,12.0200,12.0300,12.0400,12.0500,12.0600,152,1684,1612,2571,1509,1456,199,2190,5672,5
sz,000001,2016-01-04 09:36:58,12.0100,4,111756.0000,93.0000,S,12.0100,12.0000,11.9900,11.9800,11.9700,12.0200,12.0300,12.0400,12.0500,12.0600,122,2434,1612,2571,1509,1396,526,2190,5661,5
sz,000001,2016-01-04 09:37:00,12.0100,4,108088.0000,90.0000,S,12.0100,12.0000,11.9900,11.9800,11.9700,12.0200,12.0300,12.0400,12.0500,12.0600,32,2434,1612,2571,1509,1396,526,2190,5661,5
sz,000001,2016-01-04 09:37:03,12.0100,3,10816.0000,9.0000,S,12.0100,12.0000,11.9900,11.9800,11.9700,12.0200,12.0300,12.0400,12.0500,12.0600,40,3434,1612,2571,1509,1390,527,2190,5661,5
sz,000001,2016-01-04 09:37:07,12.0100,10,39636.0000,33.0000,S,12.0100,12.0000,11.9900,11.9800,11.9700,12.0200,12.0300,12.0400,12.0500,12.0600,9,3434,1612,2571,1509,1388,527,2190,5661,10
sz,000001,2016-01-04 09:37:10,12.0000,3,83584.0000,69.0000,S,12.0000,11.9900,11.9800,11.9700,11.9600,12.0100,12.0200,12.0300,12.0400,12.0500,3384,1612,2571,1512,1510,77,1328,527,2206,5761
sz,000001,2016-01-04 09:37:13,12.0100,10,397316.0000,331.0000,B,12.0000,11.9900,11.9800,11.9700,11.9600,12.0100,12.0200,12.0300,12.0400,12.0500,3173,1612,2571,1512,1510,32,1328,527,2206,5761
sz,000001,2016-01-04 09:37:16,12.0200,4,286044.0000,238.0000,B,12.0100,12.0000,11.9900,11.9800,11.9700,12.0200,12.0300,12.0400,12.0500,12.0600,15,3173,1612,2592,1527,1122,527,2197,5761,10
sz,000001,2016-01-04 09:37:20,12.0200,1,1200.0000,1.0000,B,12.0100,12.0000,11.9900,11.9800,11.9700,12.0200,12.0300,12.0400,12.0500,12.0600,16,3173,1612,2592,1527,1127,527,2197,5761,10
sz,000001,2016-01-04 09:37:22,12.0000,9,315616.0000,263.0000,S,12.0000,11.9900,11.9800,11.9700,11.9600,12.0200,12.0300,12.0400,12.0500,12.0600,2926,1612,2592,1517,1560,1127,537,2197,5761,10
sz,000001,2016-01-04 09:37:28,12.0100,2,12012.0000,10.0000,S,12.0100,12.0000,11.9900,11.9800,11.9700,12.0200,12.0300,12.0400,12.0500,12.0600,2355,2928,1612,2592,1497,1127,1450,2197,5761,10
sz,000001,2016-01-04 09:37:31,12.0200,5,574180.0000,478.0000,B,12.0100,12.0000,11.9900,11.9800,11.9700,12.0200,12.0300,12.0400,12.0500,12.0600,1978,2966,1612,2592,1498,1027,1450,2197,5761,10
sz,000001,2016-01-04 09:37:33,12.0100,2,7204.0000,6.0000,S,12.0100,12.0000,11.9900,11.9800,11.9700,12.0200,12.0300,12.0400,12.0500,12.0600,1977,3001,1612,2592,1498,1027,1450,2197,5761,10
sz,000001,2016-01-04 09:37:37,12.0100,1,4804.0000,4.0000,S,12.0100,12.0000,11.9900,11.9800,11.9700,12.0200,12.0300,12.0400,12.0500,12.0600,1973,3031,1612,2592,1508,1027,1380,2217,5761,10
sz,000001,2016-01-04 09:37:40,12.0100,1,13080.0000,11.0000,S,12.0100,12.0000,11.9900,11.9800,11.9700,12.0200,12.0300,12.0400,12.0500,12.0600,1962,2531,1612,2592,1508,1052,1409,2205,5761,10
sz,000001,2016-01-04 09:37:46,12.0100,2,260616.0000,217.0000,S,12.0100,12.0000,11.9900,11.9800,11.9700,12.0200,12.0300,12.0400,12.0500,12.0600,1762,2724,1612,2592,1508,1064,1434,2205,5761,10
sz,000001,2016-01-04 09:37:49,12.0100,4,31248.0000,26.0000,S,12.0100,12.0000,11.9900,11.9800,11.9700,12.0200,12.0300,12.0400,12.0500,12.0600,1758,2719,1612,2592,1508,1242,1434,2205,5761,10
sz,000001,2016-01-04 09:37:52,12.0100,2,8408.0000,7.0000,S,12.0100,12.0000,11.9900,11.9800,11.9700,12.0200,12.0300,12.0400,12.0500,12.0600,1753,1719,1612,2592,1508,1240,1434,2205,5761,10
sz,000001,2016-01-04 09:37:56,12.0100,3,198280.0000,165.0000,S,12.0100,12.0000,11.9900,11.9800,11.9700,12.0200,12.0300,12.0400,12.0500,12.0600,1703,1711,1617,2592,1508,1175,1434,2205,5773,10
sz,000001,2016-01-04 09:37:58,12.0100,5,55248.0000,46.0000,S,12.0100,12.0000,11.9900,11.9800,11.9700,12.0200,12.0300,12.0400,12.0500,12.0600,1660,1716,1597,2592,1508,1174,558,2205,5773,10
sz,000001,2016-01-04 09:38:01,12.0200,1,6008.0000,5.0000,B,12.0100,12.0000,11.9900,11.9800,11.9700,12.0200,12.0300,12.0400,12.0500,12.0600,1670,1716,1597,2592,1508,1169,558,2205,5773,10
sz,000001,2016-01-04 09:38:04,12.0100,4,128520.0000,107.0000,S,12.0100,12.0000,11.9900,11.9800,11.9700,12.0200,12.0300,12.0400,12.0500,12.0600,1573,1727,1565,2592,1508,1159,558,2205,5773,10
sz,000001,2016-01-04 09:38:07,12.0100,4,285840.0000,238.0000,S,12.0100,12.0000,11.9900,11.9800,11.9700,12.0200,12.0300,12.0400,12.0500,12.0600,1337,1727,1565,2592,1508,1167,570,2205,5773,10
sz,000001,2016-01-04 09:38:09,12.0100,3,39648.0000,33.0000,S,12.0100,12.0000,11.9900,11.9800,11.9700,12.0200,12.0300,12.0400,12.0500,12.0600,1323,1727,1563,2592,1508,1186,570,2205,5773,10
sz,000001,2016-01-04 09:38:13,12.0100,3,99752.0000,83.0000,S,12.0100,12.0000,11.9900,11.9800,11.9700,12.0200,12.0300,12.0400,12.0500,12.0600,1306,1740,1563,2592,1508,1120,560,2205,5773,50
sz,000001,2016-01-04 09:38:16,12.0100,2,48040.0000,40.0000,S,12.0100,12.0000,11.9900,11.9800,11.9700,12.0200,12.0300,12.0400,12.0500,12.0600,1304,1740,1563,2612,1510,1120,560,2205,5773,50
sz,000001,2016-01-04 09:38:19,12.0200,3,259580.0000,216.0000,B,12.0100,12.0000,11.9900,11.9800,11.9700,12.0200,12.0300,12.0400,12.0500,12.0600,1303,1740,1563,2512,1570,955,1136,2205,5773,50
sz,000001,2016-01-04 09:38:22,12.0200,2,108180.0000,90.0000,B,12.0100,12.0000,11.9900,11.9800,11.9700,12.0200,12.0300,12.0400,12.0500,12.0600,1303,1740,1558,2512,1570,865,1136,2205,5773,50
sz,000001,2016-01-04 09:38:25,12.0100,1,24020.0000,20.0000,S,12.0100,12.0000,11.9900,11.9800,11.9700,12.0200,12.0300,12.0400,12.0500,12.0600,1290,1740,1558,2512,1578,885,1136,2205,5773,50
sz,000001,2016-01-04 09:38:28,12.0200,2,39636.0000,33.0000,B,12.0100,12.0000,11.9900,11.9800,11.9700,12.0200,12.0300,12.0400,12.0500,12.0600,1269,1740,1558,2494,1628,882,1136,2205,5773,50
sz,000001,2016-01-04 09:38:30,12.0200,3,42048.0000,35.0000,B,12.0100,12.0000,11.9900,11.9800,11.9700,12.0200,12.0300,12.0400,12.0500,12.0600,1246,1740,1558,2494,1628,870,1136,2205,5773,50
sz,000001,2016-01-04 09:38:34,12.0200,26,1299808.0000,1081.0000,B,12.0200,12.0100,12.0000,11.9900,11.9800,12.0300,12.0400,12.0500,12.0600,12.0700,211,1245,1740,1558,2494,1162,2210,5773,50,791
sz,000001,2016-01-04 09:38:40,12.0200,6,192184.0000,160.0000,S,12.0200,12.0100,12.0000,11.9900,11.9800,12.0300,12.0400,12.0500,12.0600,12.0700,130,1245,1875,1558,2494,1162,2191,5773,50,791
sz,000001,2016-01-04 09:38:43,12.0200,8,146332.0000,122.0000,S,12.0200,12.0100,12.0000,11.9900,11.9800,12.0300,12.0400,12.0500,12.0600,12.0700,14,1245,1875,1558,2494,2030,2191,5773,50,791
sz,000001,2016-01-04 09:38:46,12.0100,4,1217828.0000,1014.0000,S,12.0100,12.0000,11.9900,11.9800,11.9700,12.0200,12.0300,12.0400,12.0500,12.0600,245,1875,1558,2494,1633,203,2030,2191,5773,50
sz,000001,2016-01-04 09:38:49,12.0100,6,346112.0000,288.0000,S,12.0100,12.0000,11.9900,11.9800,11.9700,12.0300,12.0400,12.0500,12.0600,12.0700,173,1875,1560,2494,1633,2044,2191,5773,50,791
sz,000001,2016-01-04 09:38:52,12.0200,1,12024.0000,10.0000,B,12.0100,12.0000,11.9900,11.9800,11.9700,12.0200,12.0300,12.0400,12.0500,12.0600,173,1880,1560,2494,1633,372,1972,2191,5773,50
sz,000001,2016-01-04 09:38:58,12.0200,3,15624.0000,13.0000,B,12.0100,12.0000,11.9900,11.9800,11.9700,12.0200,12.0300,12.0400,12.0500,12.0600,233,1880,1560,2494,1633,571,1960,2191,5773,50
sz,000001,2016-01-04 09:39:01,12.0100,15,254624.0000,212.0000,S,12.0100,12.0000,11.9900,11.9800,11.9700,12.0200,12.0300,12.0400,12.0500,12.0600,31,1880,1560,2494,1633,684,1960,2191,5773,50
sz,000001,2016-01-04 09:39:04,12.0200,7,30048.0000,25.0000,B,12.0100,12.0000,11.9900,11.9800,11.9700,12.0200,12.0300,12.0400,12.0500,12.0600,50,1880,1560,2494,1633,675,1974,2191,5773,50
sz,000001,2016-01-04 09:39:07,12.0100,3,12008.0000,10.0000,S,12.0100,12.0000,11.9900,11.9800,11.9700,12.0200,12.0300,12.0400,12.0500,12.0600,52,1880,1560,2494,1633,700,1974,2191,5773,50
sz,000001,2016-01-04 09:39:10,12.0000,5,426484.0000,355.0000,S,12.0000,11.9900,11.9800,11.9700,11.9600,12.0100,12.0200,12.0300,12.0400,12.0500,1875,1560,2546,1633,1657,1361,813,1976,2191,5773
sz,000001,2016-01-04 09:39:13,12.0100,4,169240.0000,141.0000,B,12.0000,11.9900,11.9800,11.9700,11.9600,12.0100,12.0200,12.0300,12.0400,12.0500,861,1504,2546,1633,1657,1402,908,1976,2191,5773
sz,000001,2016-01-04 09:39:16,12.0100,5,123604.0000,103.0000,B,12.0000,11.9900,11.9800,11.9700,11.9600,12.0100,12.0200,12.0300,12.0400,12.0500,761,1504,2546,1633,1647,1459,918,1976,2192,5773
sz,000001,2016-01-04 09:39:19,12.0000,18,913200.0000,761.0000,S,11.9900,11.9800,11.9700,11.9600,11.9500,12.0000,12.0100,12.0200,12.0300,12.0400,1504,2546,1633,1647,2430,43,1459,918,1973,2069
sz,000001,2016-01-04 09:39:22,12.0000,4,46800.0000,39.0000,B,11.9900,11.9800,11.9700,11.9600,11.9500,12.0000,12.0100,12.0200,12.0300,12.0400,1504,2548,1633,1647,2418,4,1504,938,1973,2069
sz,000001,2016-01-04 09:39:25,11.9900,4,57552.0000,48.0000,S,11.9900,11.9800,11.9700,11.9600,11.9500,12.0000,12.0100,12.0200,12.0300,12.0400,1457,2548,1633,1647,2418,308,1504,898,1973,2066
sz,000001,2016-01-04 09:39:28,12.0000,9,604504.0000,504.0000,B,11.9900,11.9800,11.9700,11.9600,11.9500,12.0000,12.0100,12.0200,12.0300,12.0400,1159,2548,1633,1647,2418,216,1492,969,1973,2066
sz,000001,2016-01-04 09:39:31,12.0000,4,261384.0000,218.0000,B,11.9900,11.9800,11.9700,11.9600,11.9500,12.0000,12.0100,12.0200,12.0300,12.0400,947,2498,1628,1647,2418,444,1502,969,1978,2066
sz,000001,2016-01-04 09:39:37,11.9900,1,2396.0000,2.0000,S,11.9900,11.9800,11.9700,11.9600,11.9500,12.0000,12.0100,12.0200,12.0300,12.0400,1053,2528,1578,1488,2418,788,1502,979,2029,2066
sz,000001,2016-01-04 09:39:40,11.9900,1,11992.0000,10.0000,S,11.9900,11.9800,11.9700,11.9600,11.9500,12.0000,12.0100,12.0200,12.0300,12.0400,1043,2528,1528,1388,2418,791,1502,979,2079,2070
sz,000001,2016-01-04 09:39:43,12.0000,3,100572.0000,84.0000,B,11.9900,11.9800,11.9700,11.9600,11.9500,12.0000,12.0100,12.0200,12.0300,12.0400,960,2528,1528,1388,2618,820,1452,979,1783,2070
sz,000001,2016-01-04 09:39:46,11.9900,1,53956.0000,45.0000,S,11.9900,11.9800,11.9700,11.9600,11.9500,12.0000,12.0100,12.0200,12.0300,12.0400,915,2528,1532,1388,2618,820,1452,1079,1783,2070
sz,000001,2016-01-04 09:39:49,11.9900,1,19184.0000,16.0000,S,11.9900,11.9800,11.9700,11.9600,11.9500,12.0000,12.0100,12.0200,12.0300,12.0400,899,2528,1532,1396,2618,930,1452,1141,1783,2070
sz,000001,2016-01-04 09:39:52,12.0000,8,173964.0000,145.0000,B,11.9900,11.9800,11.9700,11.9600,11.9500,12.0000,12.0100,12.0200,12.0300,12.0400,982,2548,1332,1396,2618,794,1452,1141,1783,2070
sz,000001,2016-01-04 09:39:55,11.9900,36,1564696.0000,1305.0000,S,11.9900,11.9800,11.9700,11.9600,11.9500,12.0000,12.0100,12.0200,12.0300,12.0400,169,2548,1332,1396,2618,715,1452,1141,1783,2070
sz,000001,2016-01-04 09:39:58,11.9800,4,256692.0000,214.0000,S,11.9800,11.9700,11.9600,11.9500,11.9400,11.9900,12.0000,12.0100,12.0200,12.0300,2508,1332,1376,2618,86,783,818,1402,1141,1783
sz,000001,2016-01-04 09:40:07,11.9900,1,1196.0000,1.0000,B,11.9800,11.9700,11.9600,11.9500,11.9400,11.9900,12.0000,12.0100,12.0200,12.0300,2484,842,1376,2618,86,782,832,1392,1105,1783
sz,000001,2016-01-04 09:40:11,11.9800,10,500768.0000,418.0000,S,11.9800,11.9700,11.9600,11.9500,11.9400,11.9900,12.0000,12.0100,12.0200,12.0300,2169,842,1364,2618,86,787,1218,1882,1005,1783
sz,000001,2016-01-04 09:40:13,11.9800,11,457672.0000,382.0000,S,11.9800,11.9700,11.9600,11.9500,11.9400,11.9900,12.0000,12.0100,12.0200,12.0300,1627,842,1364,2618,86,747,1218,1882,1005,1783
sz,000001,2016-01-04 09:40:16,11.9900,11,201276.0000,168.0000,B,11.9800,11.9700,11.9600,11.9500,11.9400,11.9900,12.0000,12.0100,12.0200,12.0300,1490,851,1359,2618,286,766,1078,1882,1005,1783
sz,000001,2016-01-04 09:40:19,11.9800,5,293512.0000,245.0000,S,11.9800,11.9700,11.9600,11.9500,11.9400,11.9900,12.0000,12.0100,12.0200,12.0300,1245,851,1344,2618,286,956,1078,1882,1005,1783
sz,000001,2016-01-04 09:40:22,11.9800,4,116224.0000,97.0000,S,11.9800,11.9700,11.9600,11.9500,11.9400,11.9900,12.0000,12.0100,12.0200,12.0300,1188,951,1339,2618,286,938,1078,1882,1005,1783
sz,000001,2016-01-04 09:40:25,11.9900,8,971888.0000,811.0000,B,11.9800,11.9700,11.9600,11.9500,11.9400,11.9900,12.0000,12.0100,12.0200,12.0300,686,951,1339,2618,286,628,1048,1882,995,1787
sz,000001,2016-01-04 09:40:28,11.9900,5,298404.0000,249.0000,S,11.9800,11.9700,11.9600,11.9500,11.9400,11.9900,12.0000,12.0100,12.0200,12.0300,555,951,1339,2628,286,524,1048,1882,995,1787
sz,000001,2016-01-04 09:40:31,11.9800,8,203660.0000,170.0000,S,11.9800,11.9700,11.9600,11.9500,11.9400,11.9900,12.0000,12.0100,12.0200,12.0300,390,931,1339,2648,286,544,1148,1882,1005,1787
sz,000001,2016-01-04 09:40:34,11.9800,13,688152.0000,574.0000,S,11.9800,11.9700,11.9600,11.9500,11.9400,11.9900,12.0000,12.0100,12.0200,12.0300,316,981,1329,2648,286,172,1130,1882,1005,1787
sz,000001,2016-01-04 09:40:36,11.9800,19,469716.0000,392.0000,S,11.9800,11.9700,11.9600,11.9500,11.9400,11.9900,12.0000,12.0100,12.0200,12.0300,24,981,1319,2648,286,72,1130,1882,1005,1987
sz,000001,2016-01-04 09:40:40,11.9800,4,29568.0000,25.0000,S,11.9700,11.9600,11.9500,11.9400,11.9300,11.9800,11.9900,12.0000,12.0100,12.0200,981,1319,2650,286,851,19,72,1130,2082,1005
sz,000001,2016-01-04 09:40:43,11.9800,1,5988.0000,5.0000,B,11.9700,11.9600,11.9500,11.9400,11.9300,11.9800,11.9900,12.0000,12.0100,12.0200,981,1319,2650,286,851,31,73,1130,2090,1005
sz,000001,2016-01-04 09:40:46,11.9800,17,472844.0000,395.0000,B,11.9700,11.9600,11.9500,11.9400,11.9300,11.9800,11.9900,12.0000,12.0100,12.0200,639,1319,2810,286,851,201,73,1130,2090,1005
sz,000001,2016-01-04 09:40:49,11.9600,37,782824.0000,654.0000,S,11.9600,11.9500,11.9400,11.9300,11.9200,11.9700,11.9800,11.9900,12.0000,12.0100,1304,2810,286,851,4369,383,201,73,1130,2090
sz,000001,2016-01-04 09:40:52,11.9700,4,47880.0000,40.0000,B,11.9600,11.9500,11.9400,11.9300,11.9200,11.9700,11.9800,11.9900,12.0000,12.0100,1296,2810,286,851,4369,343,240,73,1130,2082
sz,000001,2016-01-04 09:40:55,11.9700,3,99352.0000,83.0000,B,11.9600,11.9500,11.9400,11.9300,11.9200,11.9700,11.9800,11.9900,12.0000,12.0100,1322,2810,286,851,4369,260,261,95,1030,1882
sz,000001,2016-01-04 09:40:58,11.9600,3,454496.0000,380.0000,S,11.9600,11.9500,11.9400,11.9300,11.9200,11.9700,11.9800,11.9900,12.0000,12.0100,952,2810,286,851,4369,258,261,95,1030,1882
sz,000001,2016-01-04 09:41:01,11.9700,2,275308.0000,230.0000,B,11.9600,11.9500,11.9400,11.9300,11.9200,11.9700,11.9800,11.9900,12.0000,12.0100,944,2810,286,851,4369,29,261,236,1030,1882
sz,000001,2016-01-04 09:41:04,11.9700,3,62196.0000,52.0000,B,11.9600,11.9500,11.9400,11.9300,11.9200,11.9700,11.9800,11.9900,12.0000,12.0100,877,2810,286,851,4369,135,261,236,1028,1882
sz,000001,2016-01-04 09:41:07,11.9600,31,504768.0000,422.0000,S,11.9600,11.9500,11.9400,11.9300,11.9200,11.9700,11.9800,11.9900,12.0000,12.0100,562,2810,286,1008,4369,88,261,236,1037,1882
sz,000001,2016-01-04 09:41:10,11.9600,1,39468.0000,33.0000,S,11.9600,11.9500,11.9400,11.9300,11.9200,11.9700,11.9800,11.9900,12.0000,12.0100,534,2810,286,1208,4369,88,103,436,1037,1882
sz,000001,2016-01-04 09:41:13,11.9700,4,58620.0000,49.0000,B,11.9600,11.9500,11.9400,11.9300,11.9200,11.9700,11.9800,11.9900,12.0000,12.0100,521,2810,316,1208,4369,71,133,510,1037,1882
sz,000001,2016-01-04 09:41:15,11.9600,4,49072.0000,41.0000,S,11.9600,11.9500,11.9400,11.9300,11.9200,11.9700,11.9800,11.9900,12.0000,12.0100,520,2820,316,1208,4369,31,133,510,1037,1882
sz,000001,2016-01-04 09:41:19,11.9700,6,43080.0000,36.0000,B,11.9600,11.9500,11.9400,11.9300,11.9200,11.9700,11.9800,11.9900,12.0000,12.0100,449,2832,316,1208,4369,6,105,510,1066,777
sz,000001,2016-01-04 09:41:22,11.9800,19,300232.0000,251.0000,B,11.9700,11.9600,11.9500,11.9400,11.9300,11.9800,11.9900,12.0000,12.0100,12.0200,10,219,3032,316,1208,90,510,1068,777,975
sz,000001,2016-01-04 09:41:25,11.9700,7,128040.0000,107.0000,S,11.9600,11.9500,11.9400,11.9300,11.9200,11.9800,11.9900,12.0000,12.0100,12.0200,197,3062,316,1208,4369,89,510,1068,779,975
sz,000001,2016-01-04 09:41:31,11.9700,37,737524.0000,617.0000,B,11.9600,11.9500,11.9400,11.9300,11.9200,11.9700,11.9800,11.9900,12.0000,12.0100,127,2491,316,1223,4372,57,91,510,1061,779
sz,000001,2016-01-04 09:41:34,11.9600,10,227292.0000,190.0000,S,11.9600,11.9500,11.9400,11.9300,11.9200,11.9700,11.9800,11.9900,12.0000,12.0100,49,2486,316,1223,4372,7,91,510,1066,779
sz,000001,2016-01-04 09:41:37,11.9700,3,32296.0000,27.0000,B,11.9600,11.9500,11.9400,11.9300,11.9200,11.9700,11.9800,11.9900,12.0000,12.0100,186,2486,316,1253,4377,4,107,510,1066,779
sz,000001,2016-01-04 09:41:39,11.9600,1,7176.0000,6.0000,S,11.9600,11.9500,11.9400,11.9300,11.9200,11.9700,11.9800,11.9900,12.0000,12.0100,209,2536,316,1256,4377,4,107,510,1066,779
sz,000001,2016-01-04 09:41:43,11.9700,14,283328.0000,237.0000,B,11.9700,11.9600,11.9500,11.9400,11.9300,11.9800,11.9900,12.0000,12.0100,12.0200,196,28,2536,326,1257,107,510,1066,779,985
sz,000001,2016-01-04 09:41:46,11.9700,4,177152.0000,148.0000,S,11.9700,11.9600,11.9500,11.9400,11.9300,11.9800,11.9900,12.0000,12.0100,12.0200,58,57,2546,336,1287,107,502,1066,779,985
sz,000001,2016-01-04 09:41:52,11.9700,5,79004.0000,66.0000,S,11.9700,11.9600,11.9500,11.9400,11.9300,11.9800,11.9900,12.0000,12.0100,12.0200,2,743,2546,336,1325,1396,502,1066,779,985
sz,000001,2016-01-04 09:41:55,11.9700,1,2396.0000,2.0000,S,11.9600,11.9500,11.9400,11.9300,11.9200,11.9700,11.9800,11.9900,12.0000,12.0100,808,2546,336,1325,4439,20,1449,552,1066,779
sz,000001,2016-01-04 09:41:58,11.9600,1,11960.0000,10.0000,S,11.9600,11.9500,11.9400,11.9300,11.9200,11.9700,11.9800,11.9900,12.0000,12.0100,798,2546,327,1325,4471,20,1449,552,1066,779
sz,000001,2016-01-04 09:42:00,11.9700,5,83788.0000,70.0000,B,11.9700,11.9600,11.9500,11.9400,11.9300,11.9800,11.9900,12.0000,12.0100,12.0200,45,818,2546,327,1340,1449,552,1066,779,985
sz,000001,2016-01-04 09:42:04,11.9700,3,65836.0000,55.0000,S,11.9600,11.9500,11.9400,11.9300,11.9200,11.9700,11.9800,11.9900,12.0000,12.0100,818,2548,327,1350,4471,5,1499,552,1066,779
sz,000001,2016-01-04 09:42:07,11.9600,3,15548.0000,13.0000,S,11.9600,11.9500,11.9400,11.9300,11.9200,11.9700,11.9800,11.9900,12.0000,12.0100,856,2558,327,1350,4471,4,1499,552,1066,779
sz,000001,2016-01-04 09:42:10,11.9600,10,177044.0000,148.0000,S,11.9600,11.9500,11.9400,11.9300,11.9200,11.9700,11.9800,11.9900,12.0000,12.0100,825,2568,327,1350,4471,10,1499,537,1066,779
sz,000001,2016-01-04 09:42:13,11.9700,5,39500.0000,33.0000,B,11.9600,11.9500,11.9400,11.9300,11.9200,11.9700,11.9800,11.9900,12.0000,12.0100,902,2606,327,1350,4471,114,1446,537,1066,779
sz,000001,2016-01-04 09:42:16,11.9600,4,657800.0000,550.0000,S,11.9600,11.9500,11.9400,11.9300,11.9200,11.9700,11.9800,11.9900,12.0000,12.0100,382,2617,347,1356,4471,114,1646,537,1066,779
sz,000001,2016-01-04 09:42:19,11.9700,7,177404.0000,148.0000,B,11.9700,11.9600,11.9500,11.9400,11.9300,11.9800,11.9900,12.0000,12.0100,12.0200,858,380,2626,347,1356,1785,537,1066,779,982
sz,000001,2016-01-04 09:42:22,11.9700,1,59852.0000,50.0000,S,11.9700,11.9600,11.9500,11.9400,11.9300,11.9800,11.9900,12.0000,12.0100,12.0200,809,463,2626,347,1356,1785,395,1066,779,982
sz,000001,2016-01-04 09:42:25,11.9700,3,317204.0000,265.0000,S,11.9700,11.9600,11.9500,11.9400,11.9300,11.9800,11.9900,12.0000,12.0100,12.0200,627,463,2630,347,1356,1785,395,1066,779,982
sz,000001,2016-01-04 09:42:31,11.9700,4,71820.0000,60.0000,S,11.9700,11.9600,11.9500,11.9400,11.9300,11.9800,11.9900,12.0000,12.0100,12.0200,627,598,2639,347,1356,1822,395,1066,779,982
sz,000001,2016-01-04 09:42:34,11.9700,2,148428.0000,124.0000,S,11.9700,11.9600,11.9500,11.9400,11.9300,11.9800,11.9900,12.0000,12.0100,12.0200,540,622,2639,347,1356,1772,395,1066,779,982
sz,000001,2016-01-04 09:42:37,11.9700,2,289676.0000,242.0000,S,11.9700,11.9600,11.9500,11.9400,11.9300,11.9800,11.9900,12.0000,12.0100,12.0200,298,647,2639,347,1356,1772,395,1066,779,982
sz,000001,2016-01-04 09:42:41,11.9700,2,102808.0000,86.0000,S,11.9700,11.9600,11.9500,11.9400,11.9300,11.9800,11.9900,12.0000,12.0100,12.0200,214,697,2640,347,1356,1772,395,1066,779,982
sz,000001,2016-01-04 09:42:43,11.9800,21,449916.0000,376.0000,B,11.9700,11.9600,11.9500,11.9400,11.9300,11.9800,11.9900,12.0000,12.0100,12.0200,3,560,2640,350,1356,1771,395,1066,779,982
sz,000001,2016-01-04 09:42:46,11.9700,1,3592.0000,3.0000,S,11.9600,11.9500,11.9400,11.9300,11.9200,11.9700,11.9800,11.9900,12.0000,12.0100,769,2620,350,1356,4506,13,1771,395,1066,779
sz,000001,2016-01-04 09:42:49,11.9600,6,148408.0000,124.0000,S,11.9600,11.9500,11.9400,11.9300,11.9200,11.9700,11.9800,11.9900,12.0000,12.0100,749,2620,350,1356,4506,100,1771,375,1066,779
sz,000001,2016-01-04 09:42:52,11.9700,7,1338456.0000,1118.0000,B,11.9600,11.9500,11.9400,11.9300,11.9200,11.9700,11.9800,11.9900,12.0000,12.0100,715,2620,350,1356,4506,3738,1771,375,1066,779
sz,000001,2016-01-04 09:42:55,11.9700,2,4788.0000,4.0000,B,11.9600,11.9500,11.9400,11.9300,11.9200,11.9700,11.9800,11.9900,12.0000,12.0100,713,2620,350,1356,4506,3734,1771,375,1016,779
sz,000001,2016-01-04 09:42:58,11.9600,4,114836.0000,96.0000,S,11.9600,11.9500,11.9400,11.9300,11.9200,11.9700,11.9800,11.9900,12.0000,12.0100,637,2622,350,1356,4506,3739,1771,375,1016,779
sz,000001,2016-01-04 09:43:01,11.9700,4,57456.0000,48.0000,B,11.9600,11.9500,11.9400,11.9300,11.9200,11.9700,11.9800,11.9900,12.0000,12.0100,674,2622,350,1425,4506,3724,1771,351,1016,779
sz,000001,2016-01-04 09:43:04,11.9700,3,3588.0000,3.0000,B,11.9600,11.9500,11.9400,11.9300,11.9200,11.9700,11.9800,11.9900,12.0000,12.0100,751,2622,350,1426,4506,3726,1771,351,1016,779
sz,000001,2016-01-04 09:43:07,11.9600,33,757080.0000,633.0000,S,11.9600,11.9500,11.9400,11.9300,11.9200,11.9700,11.9800,11.9900,12.0000,12.0100,139,2630,350,1406,4506,3715,665,351,1011,779
sz,000001,2016-01-04 09:43:10,11.9700,10,106444.0000,89.0000,B,11.9600,11.9500,11.9400,11.9300,11.9200,11.9700,11.9800,11.9900,12.0000,12.0100,102,2620,340,1406,4506,3713,680,351,1011,779
sz,000001,2016-01-04 09:43:13,11.9500,11,177012.0000,148.0000,S,11.9500,11.9400,11.9300,11.9200,11.9100,11.9700,11.9800,11.9900,12.0000,12.0100,2607,340,1406,4506,1420,3691,680,351,1011,779
sz,000001,2016-01-04 09:43:16,11.9600,2,53820.0000,45.0000,B,11.9500,11.9400,11.9300,11.9200,11.9100,11.9600,11.9700,11.9800,11.9900,12.0000,2607,390,1406,4538,1420,55,3861,678,351,1011
sz,000001,2016-01-04 09:43:19,11.9600,6,90896.0000,76.0000,B,11.9500,11.9400,11.9300,11.9200,11.9100,11.9600,11.9700,11.9800,11.9900,12.0000,2707,390,1406,4538,1420,776,3865,678,361,1011
sz,000001,2016-01-04 09:43:22,11.9600,5,52624.0000,44.0000,B,11.9500,11.9400,11.9300,11.9200,11.9100,11.9600,11.9700,11.9800,11.9900,12.0000,2707,390,1416,4538,1420,1838,3865,778,361,1011
sz,000001,2016-01-04 09:43:28,11.9600,5,581256.0000,486.0000,B,11.9500,11.9400,11.9300,11.9200,11.9100,11.9600,11.9700,11.9800,11.9900,12.0000,2730,390,1416,4546,1420,1512,3925,800,361,1031
sz,000001,2016-01-04 09:43:31,11.9600,2,47840.0000,40.0000,B,11.9500,11.9400,11.9300,11.9200,11.9100,11.9600,11.9700,11.9800,11.9900,12.0000,2770,390,1416,4546,1420,1487,3925,800,361,1031
sz,000001,2016-01-04 09:43:34,11.9600,6,160192.0000,134.0000,B,11.9500,11.9400,11.9300,11.9200,11.9100,11.9600,11.9700,11.9800,11.9900,12.0000,2700,400,1416,4555,1420,1479,3925,800,361,1031
sz,000001,2016-01-04 09:43:37,11.9500,15,144608.0000,121.0000,S,11.9500,11.9400,11.9300,11.9200,11.9100,11.9600,11.9700,11.9800,11.9900,12.0000,2595,400,1416,4555,1420,1458,3921,800,647,1031
sz,000001,2016-01-04 09:43:40,11.9600,8,137488.0000,115.0000,B,11.9500,11.9400,11.9300,11.9200,11.9100,11.9600,11.9700,11.9800,11.9900,12.0000,2573,400,1416,4555,1420,1408,3921,800,647,1030
sz,000001,2016-01-04 09:43:43,11.9600,3,262768.0000,220.0000,B,11.9500,11.9400,11.9300,11.9200,11.9100,11.9600,11.9700,11.9800,11.9900,12.0000,3362,400,1418,4555,1420,1399,3863,800,647,1030
sz,000001,2016-01-04 09:43:47,11.9500,6,175696.0000,147.0000,S,11.9500,11.9400,11.9300,11.9200,11.9100,11.9600,11.9700,11.9800,11.9900,12.0000,3256,407,1438,4559,1420,1426,3863,800,647,917
sz,000001,2016-01-04 09:43:49,11.9600,2,14352.0000,12.0000,B,11.9500,11.9400,11.9300,11.9200,11.9100,11.9600,11.9700,11.9800,11.9900,12.0000,3289,421,1438,4559,1420,1414,3863,763,653,917
sz,000001,2016-01-04 09:43:52,11.9500,5,68160.0000,57.0000,S,11.9500,11.9400,11.9300,11.9200,11.9100,11.9600,11.9700,11.9800,11.9900,12.0000,3288,421,1438,4559,1444,1368,3863,763,653,917
sz,000001,2016-01-04 09:43:55,11.9500,14,350144.0000,293.0000,S,11.9500,11.9400,11.9300,11.9200,11.9100,11.9600,11.9700,11.9800,11.9900,12.0000,3239,421,1438,4559,1454,1360,3863,763,653,917
sz,000001,2016-01-04 09:43:58,11.9500,3,143468.0000,120.0000,S,11.9500,11.9400,11.9300,11.9200,11.9100,11.9600,11.9700,11.9800,11.9900,12.0000,3329,421,1438,4559,1459,1294,3863,763,641,917
sz,000001,2016-01-04 09:44:01,11.9600,2,58604.0000,49.0000,B,11.9500,11.9400,11.9300,11.9200,11.9100,11.9600,11.9700,11.9800,11.9900,12.0000,3350,431,1438,4559,1469,1245,3788,763,641,917
sz,000001,2016-01-04 09:44:04,11.9600,7,160264.0000,134.0000,B,11.9500,11.9400,11.9300,11.9200,11.9100,11.9600,11.9700,11.9800,11.9900,12.0000,3431,431,1447,4559,1469,1081,3788,763,641,917
sz,000001,2016-01-04 09:44:06,11.9500,1,7168.0000,6.0000,S,11.9500,11.9400,11.9300,11.9200,11.9100,11.9600,11.9700,11.9800,11.9900,12.0000,3425,428,1520,4559,1469,1081,3788,763,1401,817
sz,000001,2016-01-04 09:44:10,11.9600,4,51416.0000,43.0000,B,11.9500,11.9400,11.9300,11.9200,11.9100,11.9600,11.9700,11.9800,11.9900,12.0000,3430,428,1620,4559,1469,1051,3788,763,1401,817
sz,000001,2016-01-04 09:44:13,11.9500,99,4125048.0000,3452.0000,S,11.9400,11.9300,11.9200,11.9100,11.9000,11.9500,11.9600,11.9700,11.9800,11.9900,445,1620,4559,1469,3979,1817,1051,3788,763,1401
sz,000001,2016-01-04 09:44:16,11.9500,7,280824.0000,235.0000,B,11.9400,11.9300,11.9200,11.9100,11.9000,11.9500,11.9600,11.9700,11.9800,11.9900,445,1633,4564,1469,3979,1617,1088,3788,763,1401
sz,000001,2016-01-04 09:44:19,11.9500,13,103888.0000,87.0000,B,11.9400,11.9300,11.9200,11.9100,11.9000,11.9500,11.9600,11.9700,11.9800,11.9900,375,1633,4564,1469,3979,1605,989,3788,763,1401
sz,000001,2016-01-04 09:44:22,11.9400,4,207832.0000,174.0000,S,11.9400,11.9300,11.9200,11.9100,11.9000,11.9500,11.9600,11.9700,11.9800,11.9900,274,1813,4564,1469,3979,1562,989,3788,763,1401
sz,000001,2016-01-04 09:44:25,11.9300,19,374896.0000,314.0000,S,11.9300,11.9200,11.9100,11.9000,11.8900,11.9500,11.9600,11.9700,11.9800,11.9900,1553,4564,1469,4007,179,1562,1049,3788,763,1401
sz,000001,2016-01-04 09:44:28,11.9500,4,84840.0000,71.0000,B,11.9400,11.9300,11.9200,11.9100,11.9000,11.9500,11.9600,11.9700,11.9800,11.9900,80,1557,4564,1469,4017,1491,1049,3788,763,1401
sz,000001,2016-01-04 09:44:31,11.9500,9,297336.0000,249.0000,B,11.9400,11.9300,11.9200,11.9100,11.9000,11.9500,11.9600,11.9700,11.9800,11.9900,520,1713,4568,1469,4047,1458,1049,3788,763,1401
sz,000001,2016-01-04 09:44:34,11.9500,4,35848.0000,30.0000,B,11.9400,11.9300,11.9200,11.9100,11.9000,11.9500,11.9600,11.9700,11.9800,11.9900,520,1713,4568,1469,4047,1429,1049,3788,763,1401
sz,000001,2016-01-04 09:44:37,11.9500,5,175584.0000,147.0000,B,11.9400,11.9300,11.9200,11.9100,11.9000,11.9500,11.9600,11.9700,11.9800,11.9900,452,1713,4568,1469,4057,1359,1049,3788,763,1407
sz,000001,2016-01-04 09:44:40,11.9400,1,59704.0000,50.0000,S,11.9400,11.9300,11.9200,11.9100,11.9000,11.9500,11.9600,11.9700,11.9800,11.9900,420,1721,4562,1469,4068,1359,1049,3788,763,1407
sz,000001,2016-01-04 09:44:43,11.9500,5,159984.0000,134.0000,B,11.9400,11.9300,11.9200,11.9100,11.9000,11.9500,11.9600,11.9700,11.9800,11.9900,2646,1735,4562,1469,4068,1239,1013,3788,763,1121
sz,000001,2016-01-04 09:44:46,11.9400,3,161224.0000,135.0000,S,11.9400,11.9300,11.9200,11.9100,11.9000,11.9500,11.9600,11.9700,11.9800,11.9900,2643,1873,4562,1469,4072,1240,1013,3788,763,1071
sz,000001,2016-01-04 09:44:49,11.9400,3,25080.0000,21.0000,S,11.9400,11.9300,11.9200,11.9100,11.9000,11.9500,11.9600,11.9700,11.9800,11.9900,3924,1893,1471,1479,4095,1230,1013,3788,763,1071
sz,000001,2016-01-04 09:44:52,11.9500,9,160064.0000,134.0000,B,11.9400,11.9300,11.9200,11.9100,11.9000,11.9500,11.9600,11.9700,11.9800,11.9900,4000,1893,1471,1499,4098,1161,1013,3788,763,1071
sz,000001,2016-01-04 09:44:55,11.9500,4,35848.0000,30.0000,B,11.9400,11.9300,11.9200,11.9100,11.9000,11.9500,11.9600,11.9700,11.9800,11.9900,4030,1913,1471,1542,4198,1167,1013,3788,763,306
sz,000001,2016-01-04 09:44:58,11.9500,5,524608.0000,439.0000,B,11.9400,11.9300,11.9200,11.9100,11.9000,11.9500,11.9600,11.9700,11.9800,11.9900,4129,2023,1471,1542,4198,728,1013,3788,750,306
sz,000001,2016-01-04 09:45:01,11.9500,6,218584.0000,183.0000,B,11.9400,11.9300,11.9200,11.9100,11.9000,11.9500,11.9600,11.9700,11.9800,11.9900,4056,2013,1471,1497,4198,646,1013,3788,750,306
sz,000001,2016-01-04 09:45:04,11.9400,8,146904.0000,123.0000,B,11.9400,11.9300,11.9200,11.9100,11.9000,11.9500,11.9600,11.9700,11.9800,11.9900,4026,2053,1471,1499,4248,573,1013,3788,750,306
sz,000001,2016-01-04 09:45:07,11.9500,8,334600.0000,280.0000,B,11.9400,11.9300,11.9200,11.9100,11.9000,11.9500,11.9600,11.9700,11.9800,11.9900,4056,1925,1471,1509,4233,554,1013,3788,750,306
sz,000001,2016-01-04 09:45:10,11.9400,27,1059648.0000,887.0000,S,11.9400,11.9300,11.9200,11.9100,11.9000,11.9500,11.9600,11.9700,11.9800,11.9900,3750,1925,1471,1609,4234,303,1013,3788,750,306
sz,000001,2016-01-04 09:45:14,11.9500,9,120640.0000,101.0000,B,11.9400,11.9300,11.9200,11.9100,11.9000,11.9500,11.9600,11.9700,11.9800,11.9900,3709,1953,1471,1619,4234,258,1013,3788,750,306
sz,000001,2016-01-04 09:45:16,11.9500,9,193520.0000,162.0000,B,11.9400,11.9300,11.9200,11.9100,11.9000,11.9500,11.9600,11.9700,11.9800,11.9900,3649,2013,1471,1629,4284,238,1013,3788,611,296
sz,000001,2016-01-04 09:45:19,11.9500,7,217392.0000,182.0000,B,11.9400,11.9300,11.9200,11.9100,11.9000,11.9500,11.9600,11.9700,11.9800,11.9900,3466,2013,1471,1685,4284,151,1013,3788,611,296
sz,000001,2016-01-04 09:45:22,11.9500,11,434680.0000,364.0000,B,11.9400,11.9300,11.9200,11.9100,11.9000,11.9500,11.9600,11.9700,11.9800,11.9900,3174,2023,1471,1705,4290,89,1013,3788,611,296
sz,000001,2016-01-04 09:45:25,11.9500,6,97984.0000,82.0000,B,11.9400,11.9300,11.9200,11.9100,11.9000,11.9500,11.9600,11.9700,11.9800,11.9900,3196,2034,1453,1690,4290,65,1087,3788,611,296
sz,000001,2016-01-04 09:45:28,11.9400,6,426264.0000,357.0000,S,11.9400,11.9300,11.9200,11.9100,11.9000,11.9500,11.9600,11.9700,11.9800,11.9900,2870,2134,1503,1705,4327,60,1087,3788,616,296
sz,000001,2016-01-04 09:45:32,11.9500,10,83744.0000,70.0000,B,11.9500,11.9400,11.9300,11.9200,11.9100,11.9600,11.9700,11.9800,11.9900,12.0000,1,2890,2147,1503,1705,1087,3783,616,296,818
sz,000001,2016-01-04 09:45:34,11.9400,3,26264.0000,22.0000,S,11.9500,11.9400,11.9300,11.9200,11.9100,11.9600,11.9700,11.9800,11.9900,12.0000,8,2870,2147,1503,1705,1087,3783,616,296,818
sz,000001,2016-01-04 09:45:37,11.9400,8,144528.0000,121.0000,S,11.9500,11.9400,11.9300,11.9200,11.9100,11.9600,11.9700,11.9800,11.9900,12.0000,13,2802,2153,1523,1705,1087,3783,616,296,818
sz,000001,2016-01-04 09:45:40,11.9500,2,11952.0000,10.0000,S,11.9500,11.9400,11.9300,11.9200,11.9100,11.9600,11.9700,11.9800,11.9900,12.0000,73,2772,2137,1563,1740,1087,3783,616,296,818
sz,000001,2016-01-04 09:45:43,11.9500,10,313984.0000,263.0000,S,11.9400,11.9300,11.9200,11.9100,11.9000,11.9500,11.9600,11.9700,11.9800,11.9900,2632,2137,1563,1779,4293,33,1087,3783,616,296
sz,000001,2016-01-04 09:45:46,11.9500,2,35840.0000,30.0000,B,11.9400,11.9300,11.9200,11.9100,11.9000,11.9500,11.9600,11.9700,11.9800,11.9900,2736,2137,1533,1779,4313,352,1087,3783,609,296
sz,000001,2016-01-04 09:45:49,11.9500,3,23904.0000,20.0000,B,11.9400,11.9300,11.9200,11.9100,11.9000,11.9500,11.9600,11.9700,11.9800,11.9900,2736,2142,1538,1804,4306,391,1087,3783,609,296
sz,000001,2016-01-04 09:45:52,11.9500,5,751144.0000,629.0000,B,11.9400,11.9300,11.9200,11.9100,11.9000,11.9500,11.9600,11.9700,11.9800,11.9900,2403,2152,1548,2242,4311,296,1087,3783,609,296
sz,000001,2016-01-04 09:45:55,11.9500,8,279632.0000,234.0000,B,11.9400,11.9300,11.9200,11.9100,11.9000,11.9500,11.9600,11.9700,11.9800,11.9900,2406,2179,1548,2242,4321,62,1087,3783,609,296
sz,000001,2016-01-04 09:45:57,11.9500,4,95576.0000,80.0000,B,11.9400,11.9300,11.9200,11.9100,11.9000,11.9500,11.9600,11.9700,11.9800,11.9900,2384,2179,1548,2442,4344,17,1087,3783,627,296
sz,000001,2016-01-04 09:46:01,11.9500,11,126680.0000,106.0000,B,11.9500,11.9400,11.9300,11.9200,11.9100,11.9600,11.9700,11.9800,11.9900,12.0000,80,2369,2166,1548,2452,1001,3783,627,296,818
sz,000001,2016-01-04 09:46:04,11.9400,5,215016.0000,180.0000,S,11.9400,11.9300,11.9200,11.9100,11.9000,11.9500,11.9600,11.9700,11.9800,11.9900,2289,2166,1548,2452,4344,27,1001,3783,627,296
sz,000001,2016-01-04 09:46:07,11.9400,15,1220272.0000,1022.0000,S,11.9400,11.9300,11.9200,11.9100,11.9000,11.9500,11.9600,11.9700,11.9800,11.9900,1276,2166,1748,2452,4344,90,1071,3783,627,296
sz,000001,2016-01-04 09:46:10,11.9500,5,87232.0000,73.0000,B,11.9400,11.9300,11.9200,11.9100,11.9000,11.9500,11.9600,11.9700,11.9800,11.9900,1308,2186,1748,2552,4394,17,1071,3783,627,296
sz,000001,2016-01-04 09:46:13,11.9400,7,348664.0000,292.0000,S,11.9400,11.9300,11.9200,11.9100,11.9000,11.9500,11.9600,11.9700,11.9800,11.9900,1030,2186,1716,2556,4404,2,1071,3783,627,296
sz,000001,2016-01-04 09:46:16,11.9500,1,2392.0000,2.0000,B,11.9500,11.9400,11.9300,11.9200,11.9100,11.9600,11.9700,11.9800,11.9900,12.0000,410,1030,2186,1716,2556,1071,3783,627,296,818
sz,000001,2016-01-04 09:46:19,11.9500,2,14336.0000,12.0000,S,11.9500,11.9400,11.9300,11.9200,11.9100,11.9600,11.9700,11.9800,11.9900,12.0000,402,1049,2046,1721,3039,1071,3783,627,296,818
sz,000001,2016-01-04 09:46:22,11.9500,2,119504.0000,100.0000,S,11.9500,11.9400,11.9300,11.9200,11.9100,11.9600,11.9700,11.9800,11.9900,12.0000,302,1069,2046,1721,3039,1071,3783,627,296,818
sz,000001,2016-01-04 09:46:26,11.9500,2,5976.0000,5.0000,S,11.9500,11.9400,11.9300,11.9200,11.9100,11.9600,11.9700,11.9800,11.9900,12.0000,327,1129,2046,1721,3093,1196,3783,627,296,818
sz,000001,2016-01-04 09:46:28,11.9600,5,129104.0000,108.0000,B,11.9500,11.9400,11.9300,11.9200,11.9100,11.9600,11.9700,11.9800,11.9900,12.0000,369,1130,2091,1721,3113,1347,3783,627,296,818
sz,000001,2016-01-04 09:46:31,11.9500,27,1222248.0000,1023.0000,S,11.9400,11.9300,11.9200,11.9100,11.9000,11.9600,11.9700,11.9800,11.9900,12.0000,693,2025,1721,3113,3524,1147,3783,845,296,818
sz,000001,2016-01-04 09:46:34,11.9500,4,172080.0000,144.0000,S,11.9500,11.9400,11.9300,11.9200,11.9100,11.9600,11.9700,11.9800,11.9900,12.0000,964,793,2025,1721,3113,1147,3783,845,296,818
sz,000001,2016-01-04 09:46:37,11.9500,5,489952.0000,410.0000,S,11.9500,11.9400,11.9300,11.9200,11.9100,11.9600,11.9700,11.9800,11.9900,12.0000,584,800,2025,1721,3135,1147,3783,845,296,818
sz,000001,2016-01-04 09:46:39,11.9500,8,709832.0000,594.0000,S,11.9400,11.9300,11.9200,11.9100,11.9000,11.9500,11.9600,11.9700,11.9800,11.9900,800,2053,1790,3149,3536,829,1143,3783,845,296
sz,000001,2016-01-04 09:46:43,11.9400,35,539872.0000,452.0000,S,11.9400,11.9300,11.9200,11.9100,11.9000,11.9500,11.9600,11.9700,11.9800,11.9900,435,2053,1840,3149,3542,1005,1182,3783,845,296
sz,000001,2016-01-04 09:46:46,11.9500,15,251944.0000,211.0000,B,11.9400,11.9300,11.9200,11.9100,11.9000,11.9500,11.9600,11.9700,11.9800,11.9900,235,2053,1840,3149,3542,1055,1182,3783,845,296
sz,000001,2016-01-04 09:46:49,11.9400,3,449280.0000,376.0000,S,11.9400,11.9300,11.9200,11.9100,11.9000,11.9500,11.9600,11.9700,11.9800,11.9900,200,2053,1840,3149,3542,779,1182,3783,845,296
sz,000001,2016-01-04 09:46:52,11.9500,7,271192.0000,227.0000,B,11.9400,11.9300,11.9200,11.9100,11.9000,11.9500,11.9600,11.9700,11.9800,11.9900,125,2053,1840,3149,3542,1035,1182,3783,845,296
sz,000001,2016-01-04 09:46:55,11.9400,7,149256.0000,125.0000,S,11.9300,11.9200,11.9100,11.9000,11.8900,11.9400,11.9500,11.9600,11.9700,11.9800,2033,1890,3149,3542,179,456,1035,1097,3783,845
sz,000001,2016-01-04 09:46:58,11.9300,14,182560.0000,153.0000,S,11.9300,11.9200,11.9100,11.9000,11.8900,11.9400,11.9500,11.9600,11.9700,11.9800,1903,1890,3149,3652,179,638,1125,946,3783,845
sz,000001,2016-01-04 09:47:01,11.9300,5,130064.0000,109.0000,S,11.9300,11.9200,11.9100,11.9000,11.8900,11.9400,11.9500,11.9600,11.9700,11.9800,1827,1890,3149,3652,179,606,1130,946,3783,845
sz,000001,2016-01-04 09:47:04,11.9400,23,343600.0000,288.0000,B,11.9300,11.9200,11.9100,11.9000,11.8900,11.9400,11.9500,11.9600,11.9700,11.9800,1553,1890,3149,3652,179,1012,1130,946,3783,845
sz,000001,2016-01-04 09:47:07,11.9400,14,313784.0000,263.0000,B,11.9300,11.9200,11.9100,11.9000,11.8900,11.9400,11.9500,11.9600,11.9700,11.9800,1318,1890,3149,3658,179,1147,1166,946,3783,845
sz,000001,2016-01-04 09:47:10,11.9300,12,393752.0000,330.0000,S,11.9300,11.9200,11.9100,11.9000,11.8900,11.9400,11.9500,11.9600,11.9700,11.9800,1048,1957,3129,3663,179,1237,1146,436,3783,845
sz,000001,2016-01-04 09:47:13,11.9300,4,39392.0000,33.0000,S,11.9300,11.9200,11.9100,11.9000,11.8900,11.9400,11.9500,11.9600,11.9700,11.9800,987,1957,3627,3673,179,1286,1146,436,3783,845
sz,000001,2016-01-04 09:47:16,11.9400,3,47752.0000,40.0000,B,11.9300,11.9200,11.9100,11.9000,11.8900,11.9400,11.9500,11.9600,11.9700,11.9800,1097,1947,3627,3878,179,1284,1146,436,3783,845
sz,000001,2016-01-04 09:47:19,11.9300,6,54880.0000,46.0000,S,11.9300,11.9200,11.9100,11.9000,11.8900,11.9400,11.9500,11.9600,11.9700,11.9800,1053,1957,3597,3958,179,1367,1146,436,3783,845
sz,000001,2016-01-04 09:47:22,11.9300,20,419936.0000,352.0000,S,11.9300,11.9200,11.9100,11.9000,11.8900,11.9400,11.9500,11.9600,11.9700,11.9800,801,1962,3547,3958,179,1417,1146,436,3783,845
sz,000001,2016-01-04 09:47:25,11.9300,25,577432.0000,484.0000,S,11.9300,11.9200,11.9100,11.9000,11.8900,11.9400,11.9500,11.9600,11.9700,11.9800,439,1972,3547,3968,379,1507,1146,436,3783,845
sz,000001,2016-01-04 09:47:28,11.9300,17,547592.0000,459.0000,S,11.9200,11.9100,11.9000,11.8900,11.8800,11.9300,11.9400,11.9500,11.9600,11.9700,1973,3559,4013,379,886,56,1579,1146,436,3783
sz,000001,2016-01-04 09:47:31,11.9300,2,62032.0000,52.0000,B,11.9200,11.9100,11.9000,11.8900,11.8800,11.9300,11.9400,11.9500,11.9600,11.9700,1984,3549,4113,379,886,624,1529,1146,436,3783
sz,000001,2016-01-04 09:47:34,11.9300,10,252920.0000,212.0000,B,11.9200,11.9100,11.9000,11.8900,11.8800,11.9300,11.9400,11.9500,11.9600,11.9700,2002,3573,4113,379,886,450,1566,930,436,3783
sz,000001,2016-01-04 09:47:37,11.9200,1,23840.0000,20.0000,S,11.9200,11.9100,11.9000,11.8900,11.8800,11.9300,11.9400,11.9500,11.9600,11.9700,1992,3583,4114,379,916,1054,1476,930,436,3783
sz,000001,2016-01-04 09:47:40,11.9300,6,178848.0000,150.0000,B,11.9200,11.9100,11.9000,11.8900,11.8800,11.9300,11.9400,11.9500,11.9600,11.9700,1902,3685,4131,379,916,1016,1576,930,436,3647
sz,000001,2016-01-04 09:47:43,11.9300,7,239552.0000,201.0000,B,11.9200,11.9100,11.9000,11.8900,11.8800,11.9300,11.9400,11.9500,11.9600,11.9700,1775,3685,4171,379,916,1061,1577,930,436,3647
sz,000001,2016-01-04 09:47:46,11.9200,2,35776.0000,30.0000,S,11.9200,11.9100,11.9000,11.8900,11.8800,11.9300,11.9400,11.9500,11.9600,11.9700,1863,3705,4171,379,916,1061,1577,930,436,3647
sz,000001,2016-01-04 09:47:49,11.9200,4,249200.0000,209.0000,S,11.9200,11.9100,11.9000,11.8900,11.8800,11.9300,11.9400,11.9500,11.9600,11.9700,1735,3705,4191,379,920,1148,1567,925,441,3647
sz,000001,2016-01-04 09:47:52,11.9200,8,228920.0000,192.0000,S,11.9200,11.9100,11.9000,11.8900,11.8800,11.9300,11.9400,11.9500,11.9600,11.9700,1665,3715,4149,379,920,1230,1567,899,491,3647
sz,000001,2016-01-04 09:47:56,11.9200,46,1618744.0000,1358.0000,S,11.9200,11.9100,11.9000,11.8900,11.8800,11.9300,11.9400,11.9500,11.9600,11.9700,461,3706,4149,399,920,1241,1567,899,491,3647
sz,000001,2016-01-04 09:48:01,11.9200,6,44128.0000,37.0000,S,11.9200,11.9100,11.9000,11.8900,11.8800,11.9300,11.9400,11.9500,11.9600,11.9700,456,3198,4173,399,920,1393,1566,899,481,3647
sz,000001,2016-01-04 09:48:04,11.9200,4,66752.0000,56.0000,S,11.9200,11.9100,11.9000,11.8900,11.8800,11.9300,11.9400,11.9500,11.9600,11.9700,406,3202,4273,403,1030,1380,1125,895,481,3647
sz,000001,2016-01-04 09:48:08,11.9200,12,140656.0000,118.0000,S,11.9200,11.9100,11.9000,11.8900,11.8800,11.9300,11.9400,11.9500,11.9600,11.9700,328,3311,4283,403,1035,1380,1055,895,547,3647
sz,000001,2016-01-04 09:48:11,11.9200,2,59600.0000,50.0000,S,11.9200,11.9100,11.9000,11.8900,11.8800,11.9300,11.9400,11.9500,11.9600,11.9700,283,2859,4308,403,1027,1380,1055,594,547,3637
sz,000001,2016-01-04 09:48:13,11.9200,23,919632.0000,771.0000,S,11.9200,11.9100,11.9000,11.8900,11.8800,11.9300,11.9400,11.9500,11.9600,11.9700,132,2859,4316,403,1032,780,1055,594,876,3637
sz,000001,2016-01-04 09:48:16,11.9200,10,157488.0000,132.0000,S,11.9100,11.9000,11.8900,11.8800,11.8700,11.9200,11.9300,11.9400,11.9500,11.9600,2865,4306,403,1903,903,287,780,837,594,856
sz,000001,2016-01-04 09:48:19,11.9200,15,182272.0000,153.0000,B,11.9100,11.9000,11.8900,11.8800,11.8700,11.9200,11.9300,11.9400,11.9500,11.9600,2752,4320,420,1903,903,561,635,837,594,856
sz,000001,2016-01-04 09:48:22,11.9200,2,8352.0000,7.0000,B,11.9100,11.9000,11.8900,11.8800,11.8700,11.9200,11.9300,11.9400,11.9500,11.9600,2752,4320,420,1903,903,630,635,837,594,856
sz,000001,2016-01-04 09:48:26,11.9200,10,97688.0000,82.0000,B,11.9100,11.9000,11.8900,11.8800,11.8700,11.9200,11.9300,11.9400,11.9500,11.9600,2716,4325,420,1903,903,584,635,837,594,856
sz,000001,2016-01-04 09:48:28,11.9200,13,204912.0000,172.0000,B,11.9100,11.9000,11.8900,11.8800,11.8700,11.9200,11.9300,11.9400,11.9500,11.9600,2222,4307,420,1903,903,547,635,837,594,856
sz,000001,2016-01-04 09:48:31,11.9200,3,38144.0000,32.0000,B,11.9100,11.9000,11.8900,11.8800,11.8700,11.9200,11.9300,11.9400,11.9500,11.9600,2350,4257,420,1897,905,749,634,837,594,856
sz,000001,2016-01-04 09:48:34,11.9100,5,127448.0000,107.0000,S,11.9100,11.9000,11.8900,11.8800,11.8700,11.9200,11.9300,11.9400,11.9500,11.9600,2253,4257,420,1897,905,748,614,837,594,856
sz,000001,2016-01-04 09:48:38,11.9200,7,77440.0000,65.0000,B,11.9100,11.9000,11.8900,11.8800,11.8700,11.9200,11.9300,11.9400,11.9500,11.9600,2379,4207,420,1897,905,1019,634,837,595,856
sz,000001,2016-01-04 09:48:40,11.9100,3,19056.0000,16.0000,S,11.9100,11.9000,11.8900,11.8800,11.8700,11.9200,11.9300,11.9400,11.9500,11.9600,2385,4207,423,1927,905,1247,634,837,595,856
sz,000001,2016-01-04 09:48:43,11.9100,4,30832.0000,26.0000,S,11.9100,11.9000,11.8900,11.8800,11.8700,11.9200,11.9300,11.9400,11.9500,11.9600,2398,4205,423,1927,905,1285,634,837,595,856
sz,000001,2016-01-04 09:48:46,11.9200,6,59592.0000,50.0000,B,11.9100,11.9000,11.8900,11.8800,11.8700,11.9200,11.9300,11.9400,11.9500,11.9600,2411,4108,429,1927,905,1273,634,837,580,856
sz,000001,2016-01-04 09:48:49,11.9200,7,86952.0000,73.0000,B,11.9100,11.9000,11.8900,11.8800,11.8700,11.9200,11.9300,11.9400,11.9500,11.9600,2465,4133,429,1927,905,1266,634,837,580,856
sz,000001,2016-01-04 09:48:52,11.9200,29,539544.0000,453.0000,B,11.9100,11.9000,11.8900,11.8800,11.8700,11.9200,11.9300,11.9400,11.9500,11.9600,2074,4133,429,1927,1005,1245,634,837,550,856
sz,000001,2016-01-04 09:48:55,11.9200,3,7144.0000,6.0000,B,11.9100,11.9000,11.8900,11.8800,11.8700,11.9200,11.9300,11.9400,11.9500,11.9600,1921,4128,429,1927,1005,1244,654,837,550,876
sz,000001,2016-01-04 09:48:58,11.9100,6,354936.0000,298.0000,S,11.9100,11.9000,11.8900,11.8800,11.8700,11.9200,11.9300,11.9400,11.9500,11.9600,1646,4140,437,1927,1005,1223,654,837,550,876
sz,000001,2016-01-04 09:49:01,11.9100,12,120312.0000,101.0000,S,11.9100,11.9000,11.8900,11.8800,11.8700,11.9200,11.9300,11.9400,11.9500,11.9600,1596,4140,437,1927,1005,1202,355,837,650,876
sz,000001,2016-01-04 09:49:04,11.9200,12,127440.0000,107.0000,B,11.9100,11.9000,11.8900,11.8800,11.8700,11.9200,11.9300,11.9400,11.9500,11.9600,1481,4150,437,1927,1005,1200,355,837,650,680
sz,000001,2016-01-04 09:49:07,11.9100,22,564536.0000,474.0000,S,11.9100,11.9000,11.8900,11.8800,11.8700,11.9200,11.9300,11.9400,11.9500,11.9600,1009,4145,437,1927,1005,1205,355,837,650,680
sz,000001,2016-01-04 09:49:10,11.9100,7,159600.0000,134.0000,S,11.9100,11.9000,11.8900,11.8800,11.8700,11.9200,11.9300,11.9400,11.9500,11.9600,895,4145,440,1927,1010,1201,355,837,650,680
sz,000001,2016-01-04 09:49:13,11.9100,12,127440.0000,107.0000,B,11.9100,11.9000,11.8900,11.8800,11.8700,11.9200,11.9300,11.9400,11.9500,11.9600,799,4255,445,1927,1010,1200,355,837,650,680
sz,000001,2016-01-04 09:49:16,11.9100,5,23832.0000,20.0000,S,11.9100,11.9000,11.8900,11.8800,11.8700,11.9200,11.9300,11.9400,11.9500,11.9600,831,4276,445,1937,993,1190,345,837,650,680
sz,000001,2016-01-04 09:49:19,11.9100,7,152456.0000,128.0000,S,11.9100,11.9000,11.8900,11.8800,11.8700,11.9200,11.9300,11.9400,11.9500,11.9600,716,4266,460,1937,993,1180,345,837,550,680
sz,000001,2016-01-04 09:49:23,11.9100,43,906512.0000,761.0000,S,11.9000,11.8900,11.8800,11.8700,11.8600,11.9100,11.9200,11.9300,11.9400,11.9500,4266,460,1937,1003,480,2931,1280,345,837,550
sz,000001,2016-01-04 09:49:25,11.9100,6,126248.0000,106.0000,B,11.9000,11.8900,11.8800,11.8700,11.8600,11.9100,11.9200,11.9300,11.9400,11.9500,4262,460,1937,1003,485,3717,1280,345,837,550
sz,000001,2016-01-04 09:49:28,11.9100,4,15480.0000,13.0000,B,11.9000,11.8900,11.8800,11.8700,11.8600,11.9100,11.9200,11.9300,11.9400,11.9500,4262,470,1937,1023,485,3768,1280,345,837,550
sz,000001,2016-01-04 09:49:31,11.9000,5,69056.0000,58.0000,S,11.9000,11.8900,11.8800,11.8700,11.8600,11.9100,11.9200,11.9300,11.9400,11.9500,4231,515,1937,1023,485,3857,1279,345,837,550
sz,000001,2016-01-04 09:49:34,11.9000,14,235760.0000,198.0000,S,11.9000,11.8900,11.8800,11.8700,11.8600,11.9100,11.9200,11.9300,11.9400,11.9500,4171,515,1937,1023,485,3734,1279,345,837,550
sz,000001,2016-01-04 09:49:38,11.9000,12,130928.0000,110.0000,S,11.9000,11.8900,11.8800,11.8700,11.8600,11.9100,11.9200,11.9300,11.9400,11.9500,4092,515,1937,1023,485,3608,1279,345,837,550
sz,000001,2016-01-04 09:49:40,11.9100,16,261952.0000,220.0000,B,11.9000,11.8900,11.8800,11.8700,11.8600,11.9100,11.9200,11.9300,11.9400,11.9500,4048,515,1942,1023,485,2660,1279,345,837,550
sz,000001,2016-01-04 09:49:42,11.9000,34,634144.0000,533.0000,S,11.9000,11.8900,11.8800,11.8700,11.8600,11.9100,11.9200,11.9300,11.9400,11.9500,3535,515,1962,1023,485,2668,1279,325,837,550
sz,000001,2016-01-04 09:49:46,11.9000,3,171360.0000,144.0000,S,11.9000,11.8900,11.8800,11.8700,11.8600,11.9100,11.9200,11.9300,11.9400,11.9500,3382,515,1962,1023,515,2668,1279,325,837,578
sz,000001,2016-01-04 09:49:49,11.9100,2,142848.0000,120.0000,B,11.9000,11.8900,11.8800,11.8700,11.8600,11.9100,11.9200,11.9300,11.9400,11.9500,3341,525,1962,1023,515,2620,1279,325,837,578
sz,000001,2016-01-04 09:49:52,11.9100,5,164232.0000,138.0000,B,11.9000,11.8900,11.8800,11.8700,11.8600,11.9100,11.9200,11.9300,11.9400,11.9500,3212,603,1962,1023,515,2600,1279,325,837,578
sz,000001,2016-01-04 09:49:55,11.9100,3,32136.0000,27.0000,B,11.9000,11.8900,11.8800,11.8700,11.8600,11.9100,11.9200,11.9300,11.9400,11.9500,3258,606,1952,1023,512,2603,1279,325,837,594
sz,000001,2016-01-04 09:49:58,11.9100,26,1219928.0000,1025.0000,B,11.9000,11.8900,11.8800,11.8700,11.8600,11.9100,11.9200,11.9300,11.9400,11.9500,2560,606,1955,1023,894,2400,1229,305,837,594
sz,000001,2016-01-04 09:50:01,11.9000,32,528392.0000,444.0000,S,11.9000,11.8900,11.8800,11.8700,11.8600,11.9100,11.9200,11.9300,11.9400,11.9500,2150,596,1976,1023,897,2370,939,305,837,594
sz,000001,2016-01-04 09:50:05,11.9000,8,146408.0000,123.0000,S,11.9000,11.8900,11.8800,11.8700,11.8600,11.9100,11.9200,11.9300,11.9400,11.9500,2068,596,1976,1023,902,2330,929,303,837,594
sz,000001,2016-01-04 09:50:07,11.9000,9,192800.0000,162.0000,S,11.9000,11.8900,11.8800,11.8700,11.8600,11.9100,11.9200,11.9300,11.9400,11.9500,1944,593,2036,1023,902,2302,929,303,837,594
sz,000001,2016-01-04 09:50:10,11.9100,18,358344.0000,301.0000,B,11.9000,11.8900,11.8800,11.8700,11.8600,11.9100,11.9200,11.9300,11.9400,11.9500,1793,593,2036,1023,902,2152,929,303,837,594
sz,000001,2016-01-04 09:50:13,11.9000,34,643800.0000,541.0000,S,11.9000,11.8900,11.8800,11.8700,11.8600,11.9100,11.9200,11.9300,11.9400,11.9500,1273,593,2036,1023,897,2133,929,303,837,594
sz,000001,2016-01-04 09:50:16,11.9000,7,73784.0000,62.0000,S,11.9000,11.8900,11.8800,11.8700,11.8600,11.9100,11.9200,11.9300,11.9400,11.9500,1315,613,2037,1023,897,2190,929,303,837,594
sz,000001,2016-01-04 09:50:19,11.9000,4,52360.0000,44.0000,S,11.9000,11.8900,11.8800,11.8700,11.8600,11.9100,11.9200,11.9300,11.9400,11.9500,1272,613,2037,1023,907,2194,929,303,837,594
sz,000001,2016-01-04 09:50:22,11.9000,51,1069808.0000,899.0000,S,11.9000,11.8900,11.8800,11.8700,11.8600,11.9100,11.9200,11.9300,11.9400,11.9500,405,953,2037,1023,907,2190,929,303,837,594
sz,000001,2016-01-04 09:50:28,11.8900,42,743584.0000,625.0000,S,11.8900,11.8800,11.8700,11.8600,11.8500,11.9100,11.9200,11.9300,11.9400,11.9500,792,2047,1023,1372,772,2190,929,303,837,594
sz,000001,2016-01-04 09:50:32,11.9000,6,358240.0000,301.0000,B,11.8900,11.8800,11.8700,11.8600,11.8500,11.9000,11.9100,11.9200,11.9300,11.9400,1150,2047,1023,1372,772,486,2085,638,303,837
sz,000001,2016-01-04 09:50:34,11.9000,7,89248.0000,75.0000,B,11.8900,11.8800,11.8700,11.8600,11.8500,11.9000,11.9100,11.9200,11.9300,11.9400,1180,2047,1023,1372,772,426,2085,638,303,524
sz,000001,2016-01-04 09:50:37,11.9000,3,42840.0000,36.0000,B,11.8900,11.8800,11.8700,11.8600,11.8500,11.9000,11.9100,11.9200,11.9300,11.9400,1180,2052,1023,1492,772,410,2085,524,133,524
sz,000001,2016-01-04 09:50:40,11.9000,6,303320.0000,255.0000,B,11.8900,11.8800,11.8700,11.8600,11.8500,11.9000,11.9100,11.9200,11.9300,11.9400,1047,2052,1023,1492,772,607,2224,524,133,412
sz,000001,2016-01-04 09:50:43,11.9000,9,96192.0000,81.0000,B,11.8900,11.8800,11.8700,11.8600,11.8500,11.9000,11.9100,11.9200,11.9300,11.9400,987,2047,1023,1506,772,612,2224,519,133,412
sz,000001,2016-01-04 09:50:47,11.9000,13,267744.0000,225.0000,B,11.8900,11.8800,11.8700,11.8600,11.8500,11.9000,11.9100,11.9200,11.9300,11.9400,1104,2087,1023,1506,793,549,2223,519,133,412
sz,000001,2016-01-04 09:50:49,11.9000,5,60688.0000,51.0000,B,11.8900,11.8800,11.8700,11.8600,11.8500,11.9000,11.9100,11.9200,11.9300,11.9400,1137,2255,1023,1516,794,827,2223,519,133,412
sz,000001,2016-01-04 09:50:52,11.9000,24,587384.0000,494.0000,B,11.8900,11.8800,11.8700,11.8600,11.8500,11.9000,11.9100,11.9200,11.9300,11.9400,819,2255,1008,1516,794,726,2223,519,133,412
sz,000001,2016-01-04 09:50:56,11.8900,3,267536.0000,225.0000,S,11.8900,11.8800,11.8700,11.8600,11.8500,11.9000,11.9100,11.9200,11.9300,11.9400,639,2270,1008,1539,794,1011,2223,519,133,412
sz,000001,2016-01-04 09:50:58,11.9000,10,92768.0000,78.0000,B,11.8900,11.8800,11.8700,11.8600,11.8500,11.9000,11.9100,11.9200,11.9300,11.9400,597,2282,1008,1539,794,1005,2223,526,133,412
sz,000001,2016-01-04 09:51:01,11.9000,8,202264.0000,170.0000,B,11.8900,11.8800,11.8700,11.8600,11.8500,11.9000,11.9100,11.9200,11.9300,11.9400,605,2245,1108,1549,795,865,2228,526,133,412
sz,000001,2016-01-04 09:51:03,11.9000,5,118952.0000,100.0000,B,11.8900,11.8800,11.8700,11.8600,11.8500,11.9000,11.9100,11.9200,11.9300,11.9400,555,2245,1108,2048,840,815,2228,526,133,412
sz,000001,2016-01-04 09:51:08,11.8800,44,1025048.0000,862.0000,S,11.8800,11.8700,11.8600,11.8500,11.8400,11.8900,11.9000,11.9100,11.9200,11.9300,2273,1108,2058,864,23,161,612,2228,526,133
sz,000001,2016-01-04 09:51:10,11.8900,6,128416.0000,108.0000,B,11.8800,11.8700,11.8600,11.8500,11.8400,11.8900,11.9000,11.9100,11.9200,11.9300,2278,1108,2058,864,23,253,612,2228,526,133
sz,000001,2016-01-04 09:51:13,11.9000,9,324616.0000,273.0000,B,11.8900,11.8800,11.8700,11.8600,11.8500,11.9000,11.9100,11.9200,11.9300,11.9400,94,2333,1108,2061,871,825,2231,526,133,412
sz,000001,2016-01-04 09:51:16,11.9000,12,216528.0000,182.0000,B,11.8900,11.8800,11.8700,11.8600,11.8500,11.9000,11.9100,11.9200,11.9300,11.9400,196,2336,1118,2061,871,695,2231,526,133,412
sz,000001,2016-01-04 09:51:19,11.8900,5,47568.0000,40.0000,S,11.8900,11.8800,11.8700,11.8600,11.8500,11.9000,11.9100,11.9200,11.9300,11.9400,169,2326,1118,2061,871,782,2231,526,133,412
sz,000001,2016-01-04 09:51:22,11.8900,7,140312.0000,118.0000,S,11.8900,11.8800,11.8700,11.8600,11.8500,11.9000,11.9100,11.9200,11.9300,11.9400,139,2346,1118,2061,871,776,2231,526,133,412
sz,000001,2016-01-04 09:51:25,11.8900,17,305520.0000,257.0000,S,11.8800,11.8700,11.8600,11.8500,11.8400,11.8900,11.9000,11.9100,11.9200,11.9300,2395,1118,2061,861,23,40,776,2231,526,133
sz,000001,2016-01-04 09:51:28,11.9000,13,460488.0000,387.0000,B,11.8900,11.8800,11.8700,11.8600,11.8500,11.9000,11.9100,11.9200,11.9300,11.9400,85,2408,1120,2090,861,431,2200,526,133,412
sz,000001,2016-01-04 09:51:31,11.8900,9,68968.0000,58.0000,S,11.8900,11.8800,11.8700,11.8600,11.8500,11.9000,11.9100,11.9200,11.9300,11.9400,96,2438,1120,2090,871,428,2200,526,133,412
sz,000001,2016-01-04 09:51:34,11.8900,16,147448.0000,124.0000,S,11.8900,11.8800,11.8700,11.8600,11.8500,11.9000,11.9100,11.9200,11.9300,11.9400,2084,2448,1120,2080,896,416,2200,526,133,412
sz,000001,2016-01-04 09:51:38,11.8900,5,118936.0000,100.0000,S,11.8900,11.8800,11.8700,11.8600,11.8500,11.9000,11.9100,11.9200,11.9300,11.9400,2121,2454,1130,2080,901,379,2190,526,133,412
sz,000001,2016-01-04 09:51:40,11.8900,6,44000.0000,37.0000,S,11.8900,11.8800,11.8700,11.8600,11.8500,11.9000,11.9100,11.9200,11.9300,11.9400,2194,2466,1134,2080,874,473,2190,526,133,412
sz,000001,2016-01-04 09:51:43,11.9000,6,298504.0000,250.0000,B,11.8900,11.8800,11.8700,11.8600,11.8500,11.9000,11.9100,11.9200,11.9300,11.9400,2160,2476,1134,2080,875,263,2190,526,133,391
sz,000001,2016-01-04 09:51:46,11.8900,14,251064.0000,211.0000,S,11.8900,11.8800,11.8700,11.8600,11.8500,11.9000,11.9100,11.9200,11.9300,11.9400,2133,2491,1134,2080,875,81,2190,526,133,391
sz,000001,2016-01-04 09:51:50,11.9000,6,146368.0000,123.0000,B,11.9000,11.8900,11.8800,11.8700,11.8600,11.9100,11.9200,11.9300,11.9400,11.9500,325,2161,2521,1144,2080,2160,526,133,391,594
sz,000001,2016-01-04 09:51:52,11.9000,8,134464.0000,113.0000,S,11.9000,11.8900,11.8800,11.8700,11.8600,11.9100,11.9200,11.9300,11.9400,11.9500,237,2279,2541,1144,2080,2021,526,123,391,594
sz,000001,2016-01-04 09:51:55,11.9000,3,42840.0000,36.0000,S,11.9000,11.8900,11.8800,11.8700,11.8600,11.9100,11.9200,11.9300,11.9400,11.9500,250,2262,2541,1244,2108,2021,526,123,391,594
sz,000001,2016-01-04 09:51:58,11.9000,1,2384.0000,2.0000,S,11.9000,11.8900,11.8800,11.8700,11.8600,11.9100,11.9200,11.9300,11.9400,11.9500,272,2283,2551,1244,2113,2021,536,123,391,594
sz,000001,2016-01-04 09:52:04,11.9000,11,270128.0000,227.0000,S,11.9000,11.8900,11.8800,11.8700,11.8600,11.9100,11.9200,11.9300,11.9400,11.9500,243,2305,2561,1244,2159,2020,536,123,391,594
sz,000001,2016-01-04 09:52:08,11.9000,16,84512.0000,71.0000,S,11.9000,11.8900,11.8800,11.8700,11.8600,11.9100,11.9200,11.9300,11.9400,11.9500,238,2410,2541,1246,2159,2023,536,123,391,594
sz,000001,2016-01-04 09:52:10,11.9100,10,119016.0000,100.0000,B,11.9000,11.8900,11.8800,11.8700,11.8600,11.9100,11.9200,11.9300,11.9400,11.9500,226,2400,2601,1246,2159,2063,536,123,391,594
sz,000001,2016-01-04 09:52:13,11.9000,2,35720.0000,30.0000,S,11.9000,11.8900,11.8800,11.8700,11.8600,11.9100,11.9200,11.9300,11.9400,11.9500,246,2400,2600,1247,2159,2043,544,123,391,594
sz,000001,2016-01-04 09:52:16,11.9100,5,84536.0000,71.0000,B,11.9000,11.8900,11.8800,11.8700,11.8600,11.9100,11.9200,11.9300,11.9400,11.9500,266,2450,2600,1257,2159,2002,544,123,391,594
sz,000001,2016-01-04 09:52:19,11.9100,3,48824.0000,41.0000,B,11.9000,11.8900,11.8800,11.8700,11.8600,11.9100,11.9200,11.9300,11.9400,11.9500,275,2363,2600,1257,2186,1962,544,123,391,603
sz,000001,2016-01-04 09:52:22,11.9000,1,9520.0000,8.0000,S,11.9000,11.8900,11.8800,11.8700,11.8600,11.9100,11.9200,11.9300,11.9400,11.9500,293,2463,2610,1257,2188,1996,544,123,391,603
sz,000001,2016-01-04 09:52:25,11.9100,1,35736.0000,30.0000,B,11.9000,11.8900,11.8800,11.8700,11.8600,11.9100,11.9200,11.9300,11.9400,11.9500,318,2473,2611,1257,2188,1966,544,123,391,605
sz,000001,2016-01-04 09:52:28,11.9100,31,617784.0000,519.0000,B,11.9000,11.8900,11.8800,11.8700,11.8600,11.9100,11.9200,11.9300,11.9400,11.9500,268,2373,2611,1257,2188,1788,544,123,391,605
sz,000001,2016-01-04 09:52:31,11.9000,5,51184.0000,43.0000,S,11.9000,11.8900,11.8800,11.8700,11.8600,11.9100,11.9200,11.9300,11.9400,11.9500,308,2473,2611,1257,2188,1775,544,123,391,605
sz,000001,2016-01-04 09:52:35,11.9000,3,128624.0000,108.0000,S,11.9000,11.8900,11.8800,11.8700,11.8600,11.9100,11.9200,11.9300,11.9400,11.9500,348,2473,2640,1257,2203,1672,544,123,391,605
sz,000001,2016-01-04 09:52:37,11.9100,2,20248.0000,17.0000,B,11.9000,11.8900,11.8800,11.8700,11.8600,11.9100,11.9200,11.9300,11.9400,11.9500,403,2480,2640,1257,2203,1656,544,123,391,605
sz,000001,2016-01-04 09:52:43,11.9000,5,39160.0000,33.0000,S,11.9000,11.8900,11.8800,11.8700,11.8600,11.9100,11.9200,11.9300,11.9400,11.9500,937,2485,2660,1257,2203,1634,544,123,391,605
sz,000001,2016-01-04 09:52:46,11.9100,2,60736.0000,51.0000,B,11.9000,11.8900,11.8800,11.8700,11.8600,11.9100,11.9200,11.9300,11.9400,11.9500,1067,2505,2660,1257,2203,1591,544,123,391,605
sz,000001,2016-01-04 09:52:49,11.9000,6,101208.0000,85.0000,S,11.9000,11.8900,11.8800,11.8700,11.8600,11.9100,11.9200,11.9300,11.9400,11.9500,1601,2505,2720,1257,2240,1535,544,123,391,605
sz,000001,2016-01-04 09:52:52,11.9100,2,35728.0000,30.0000,B,11.9000,11.8900,11.8800,11.8700,11.8600,11.9100,11.9200,11.9300,11.9400,11.9500,1614,2505,2722,1307,2240,1505,544,123,391,605
sz,000001,2016-01-04 09:52:55,11.9100,9,228656.0000,192.0000,B,11.9000,11.8900,11.8800,11.8700,11.8600,11.9100,11.9200,11.9300,11.9400,11.9500,1736,2505,2742,1309,2240,1432,544,123,391,577
sz,000001,2016-01-04 09:52:58,11.9000,14,1444488.0000,1213.0000,S,11.9000,11.8900,11.8800,11.8700,11.8600,11.9100,11.9200,11.9300,11.9400,11.9500,1859,750,2742,1309,2240,415,544,123,391,577
sz,000001,2016-01-04 09:53:00,11.9000,6,85752.0000,72.0000,S,11.9000,11.8900,11.8800,11.8700,11.8600,11.9100,11.9200,11.9300,11.9400,11.9500,2138,750,2742,1319,2240,344,544,123,391,577
sz,000001,2016-01-04 09:53:04,11.9000,5,47632.0000,40.0000,S,11.9000,11.8900,11.8800,11.8700,11.8600,11.9100,11.9200,11.9300,11.9400,11.9500,2185,744,2783,1331,2240,314,544,123,391,577
sz,000001,2016-01-04 09:53:07,11.9200,20,546552.0000,459.0000,B,11.9100,11.9000,11.8900,11.8800,11.8700,11.9200,11.9300,11.9400,11.9500,11.9600,1362,2195,755,2783,1331,534,123,391,577,691
sz,000001,2016-01-04 09:53:10,11.9100,2,91712.0000,77.0000,S,11.9100,11.9000,11.8900,11.8800,11.8700,11.9200,11.9300,11.9400,11.9500,11.9600,1563,2215,755,2783,1331,590,126,391,577,691
sz,000001,2016-01-04 09:53:13,11.9100,1,5952.0000,5.0000,S,11.9100,11.9000,11.8900,11.8800,11.8700,11.9200,11.9300,11.9400,11.9500,11.9600,1559,2228,761,2789,1331,590,126,391,577,641
sz,000001,2016-01-04 09:53:16,11.9100,3,46456.0000,39.0000,S,11.9100,11.9000,11.8900,11.8800,11.8700,11.9200,11.9300,11.9400,11.9500,11.9600,1554,2238,761,2789,1331,588,126,391,577,641
sz,000001,2016-01-04 09:53:19,11.9100,1,35728.0000,30.0000,S,11.9100,11.9000,11.8900,11.8800,11.8700,11.9200,11.9300,11.9400,11.9500,11.9600,1528,1988,761,2797,1331,684,126,391,577,641
sz,000001,2016-01-04 09:53:22,11.9200,5,159600.0000,134.0000,B,11.9100,11.9000,11.8900,11.8800,11.8700,11.9200,11.9300,11.9400,11.9500,11.9600,1226,1990,864,2797,1331,673,126,391,577,641
sz,000001,2016-01-04 09:53:25,11.9100,6,85816.0000,72.0000,S,11.9100,11.9000,11.8900,11.8800,11.8700,11.9200,11.9300,11.9400,11.9500,11.9600,1278,2041,864,2797,1331,610,126,391,577,659
sz,000001,2016-01-04 09:53:28,11.9100,6,193088.0000,162.0000,S,11.9100,11.9000,11.8900,11.8800,11.8700,11.9200,11.9300,11.9400,11.9500,11.9600,1272,2046,871,2789,1331,459,126,391,577,659
sz,000001,2016-01-04 09:53:31,11.9200,3,22648.0000,19.0000,B,11.9100,11.9000,11.8900,11.8800,11.8700,11.9200,11.9300,11.9400,11.9500,11.9600,1331,2043,871,2789,1331,466,126,391,607,659
sz,000001,2016-01-04 09:53:33,11.9200,5,78672.0000,66.0000,B,11.9100,11.9000,11.8900,11.8800,11.8700,11.9200,11.9300,11.9400,11.9500,11.9600,1332,2048,871,2789,1331,404,126,391,607,659
sz,000001,2016-01-04 09:53:37,11.9200,12,578912.0000,486.0000,S,11.9100,11.9000,11.8900,11.8800,11.8700,11.9200,11.9300,11.9400,11.9500,11.9600,931,1863,881,2789,1331,319,126,391,607,659
sz,000001,2016-01-04 09:53:40,11.9200,9,239536.0000,201.0000,B,11.9100,11.9000,11.8900,11.8800,11.8700,11.9200,11.9300,11.9400,11.9500,11.9600,868,1903,881,2789,1331,369,126,391,607,659
sz,000001,2016-01-04 09:53:43,11.9100,5,54824.0000,46.0000,S,11.9100,11.9000,11.8900,11.8800,11.8700,11.9200,11.9300,11.9400,11.9500,11.9600,891,1916,881,2839,1331,343,126,391,610,659
sz,000001,2016-01-04 09:53:46,11.9200,3,57072.0000,48.0000,B,11.9100,11.9000,11.8900,11.8800,11.8700,11.9200,11.9300,11.9400,11.9500,11.9600,895,1926,881,2839,1331,306,126,391,610,659
sz,000001,2016-01-04 09:53:48,11.9200,3,39336.0000,33.0000,B,11.9100,11.9000,11.8900,11.8800,11.8700,11.9200,11.9300,11.9400,11.9500,11.9600,905,1938,881,2844,1331,273,322,391,610,659
sz,000001,2016-01-04 09:53:53,11.9200,8,193000.0000,162.0000,B,11.9100,11.9000,11.8900,11.8800,11.8700,11.9200,11.9300,11.9400,11.9500,11.9600,843,1940,901,2844,1331,214,322,391,610,659
sz,000001,2016-01-04 09:53:55,11.9200,4,76240.0000,64.0000,B,11.9100,11.9000,11.8900,11.8800,11.8700,11.9200,11.9300,11.9400,11.9500,11.9600,830,1960,940,2844,1331,254,322,391,610,659
sz,000001,2016-01-04 09:53:58,11.9200,7,362712.0000,304.0000,B,11.9200,11.9100,11.9000,11.8900,11.8800,11.9300,11.9400,11.9500,11.9600,11.9700,0,780,1962,940,2844,322,391,610,659,243
sz,000001,2016-01-04 09:54:01,11.9200,2,5952.0000,5.0000,S,11.9200,11.9100,11.9000,11.8900,11.8800,11.9300,11.9400,11.9500,11.9600,11.9700,1,810,1968,947,2824,322,391,610,659,243
sz,000001,2016-01-04 09:54:04,11.9200,5,27024.0000,23.0000,S,11.9100,11.9000,11.8900,11.8800,11.8700,11.9200,11.9300,11.9400,11.9500,11.9600,836,1978,947,2794,1331,91,368,391,610,659
sz,000001,2016-01-04 09:54:08,11.9200,2,108864.0000,91.0000,B,11.9200,11.9100,11.9000,11.8900,11.8800,11.9300,11.9400,11.9500,11.9600,11.9700,913,856,2031,957,2794,368,391,610,659,243
sz,000001,2016-01-04 09:54:10,11.9200,1,11920.0000,10.0000,S,11.9200,11.9100,11.9000,11.8900,11.8800,11.9300,11.9400,11.9500,11.9600,11.9700,919,859,2031,957,2794,368,391,610,659,243
sz,000001,2016-01-04 09:54:13,11.9200,2,20272.0000,17.0000,S,11.9200,11.9100,11.9000,11.8900,11.8800,11.9300,11.9400,11.9500,11.9600,11.9700,919,859,2031,957,2794,361,391,610,659,243
sz,000001,2016-01-04 09:54:16,11.9200,3,157368.0000,132.0000,S,11.9200,11.9100,11.9000,11.8900,11.8800,11.9300,11.9400,11.9500,11.9600,11.9700,808,934,2041,947,2765,340,391,610,659,243
sz,000001,2016-01-04 09:54:19,11.9200,8,959576.0000,805.0000,S,11.9200,11.9100,11.9000,11.8900,11.8800,11.9300,11.9400,11.9500,11.9600,11.9700,83,964,2041,957,2765,326,391,610,659,243
sz,000001,2016-01-04 09:54:22,11.9300,6,48912.0000,41.0000,B,11.9200,11.9100,11.9000,11.8900,11.8800,11.9300,11.9400,11.9500,11.9600,11.9700,113,999,2049,967,2768,285,391,610,659,243
sz,000001,2016-01-04 09:54:25,11.9200,13,141456.0000,119.0000,S,11.9100,11.9000,11.8900,11.8800,11.8700,11.9200,11.9300,11.9400,11.9500,11.9600,1029,2049,997,2778,1331,5,372,491,594,659
sz,000001,2016-01-04 09:54:28,11.9300,7,400048.0000,335.0000,B,11.9200,11.9100,11.9000,11.8900,11.8800,11.9300,11.9400,11.9500,11.9600,11.9700,3,1101,2050,1018,2790,42,491,594,659,243
sz,000001,2016-01-04 09:54:31,11.9300,2,39368.0000,33.0000,B,11.9200,11.9100,11.9000,11.8900,11.8800,11.9300,11.9400,11.9500,11.9600,11.9700,4,1071,2055,1056,2800,36,491,594,659,245
sz,000001,2016-01-04 09:54:34,11.9100,10,144976.0000,122.0000,S,11.9100,11.9000,11.8900,11.8800,11.8700,11.9200,11.9300,11.9400,11.9500,11.9600,997,2024,1216,2820,1331,72,16,491,594,659
sz,000001,2016-01-04 09:54:37,11.9200,3,133856.0000,112.0000,B,11.9200,11.9100,11.9000,11.8900,11.8800,11.9300,11.9400,11.9500,11.9600,11.9700,0,937,2024,1216,2820,16,491,594,659,245
sz,000001,2016-01-04 09:54:40,11.9200,5,37752.0000,32.0000,S,11.9100,11.9000,11.8900,11.8800,11.8700,11.9200,11.9300,11.9400,11.9500,11.9600,937,2036,1216,2820,1339,104,16,491,594,659
sz,000001,2016-01-04 09:54:46,11.9200,3,20120.0000,17.0000,B,11.9100,11.9000,11.8900,11.8800,11.8700,11.9200,11.9300,11.9400,11.9500,11.9600,929,2048,1246,2822,1339,103,16,391,594,659
sz,000001,2016-01-04 09:54:49,11.9100,2,127472.0000,107.0000,S,11.9100,11.9000,11.8900,11.8800,11.8700,11.9200,11.9300,11.9400,11.9500,11.9600,927,2048,1246,2823,1339,68,16,411,594,659
sz,000001,2016-01-04 09:54:52,11.9200,5,40528.0000,34.0000,B,11.9100,11.9000,11.8900,11.8800,11.8700,11.9200,11.9300,11.9400,11.9500,11.9600,945,2054,1246,2823,1339,34,16,411,534,659
sz,000001,2016-01-04 09:54:55,11.9300,6,126832.0000,106.0000,B,11.9300,11.9200,11.9100,11.9000,11.8900,11.9400,11.9500,11.9600,11.9700,11.9800,8,97,1003,2080,1256,396,534,664,245,970
sz,000001,2016-01-04 09:54:58,11.9300,2,15120.0000,13.0000,S,11.9200,11.9100,11.9000,11.8900,11.8800,11.9300,11.9400,11.9500,11.9600,11.9700,109,1003,2121,1256,2823,57,396,534,664,245
sz,000001,2016-01-04 09:55:02,11.9100,9,207344.0000,174.0000,S,11.9100,11.9000,11.8900,11.8800,11.8700,11.9300,11.9400,11.9500,11.9600,11.9700,946,2121,1238,2823,1344,504,396,534,674,245
sz,000001,2016-01-04 09:55:04,11.9300,15,297792.0000,250.0000,B,11.9200,11.9100,11.9000,11.8900,11.8800,11.9300,11.9400,11.9500,11.9600,11.9700,10,810,2123,1248,2823,526,396,534,674,245
sz,000001,2016-01-04 09:55:07,11.9100,46,988936.0000,830.0000,S,11.9000,11.8900,11.8800,11.8700,11.8600,11.9100,11.9300,11.9400,11.9500,11.9600,2123,1248,2803,1344,3641,3,526,396,534,674
sz,000001,2016-01-04 09:55:10,11.9100,3,36920.0000,31.0000,B,11.9000,11.8900,11.8800,11.8700,11.8600,11.9100,11.9300,11.9400,11.9500,11.9600,2128,1242,2803,1344,3761,29,546,396,534,674
sz,000001,2016-01-04 09:55:13,11.9100,3,35336.0000,30.0000,B,11.9100,11.9000,11.8900,11.8800,11.8700,11.9200,11.9300,11.9400,11.9500,11.9600,74,1858,1242,2803,1344,10,1012,396,534,674
sz,000001,2016-01-04 09:55:16,11.9200,5,164424.0000,138.0000,B,11.9100,11.9000,11.8900,11.8800,11.8700,11.9300,11.9400,11.9500,11.9600,11.9700,1,1859,1242,2803,1344,1012,465,534,674,245
sz,000001,2016-01-04 09:55:19,11.9200,2,34592.0000,29.0000,B,11.9200,11.9100,11.9000,11.8900,11.8800,11.9300,11.9400,11.9500,11.9600,11.9700,1,28,1902,1212,2808,1006,465,534,674,245
sz,000001,2016-01-04 09:55:28,11.9100,18,317096.0000,266.0000,S,11.9100,11.9000,11.8900,11.8800,11.8700,11.9200,11.9300,11.9400,11.9500,11.9600,133,1872,1212,2833,1370,10,609,483,678,345
sz,000001,2016-01-04 09:55:31,11.9100,6,76280.0000,64.0000,S,11.9100,11.9000,11.8900,11.8800,11.8700,11.9200,11.9300,11.9400,11.9500,11.9600,205,1892,1212,2843,1370,650,609,483,678,346
sz,000001,2016-01-04 09:55:34,11.9200,1,11920.0000,10.0000,B,11.9100,11.9000,11.8900,11.8800,11.8700,11.9200,11.9300,11.9400,11.9500,11.9600,205,1941,1209,2843,1370,761,609,483,678,346
sz,000001,2016-01-04 09:55:37,11.9200,2,13112.0000,11.0000,B,11.9100,11.9000,11.8900,11.8800,11.8700,11.9200,11.9300,11.9400,11.9500,11.9600,232,1963,1109,2873,1370,1179,609,483,678,346
sz,000001,2016-01-04 09:55:40,11.9000,26,445776.0000,374.0000,S,11.9000,11.8900,11.8800,11.8700,11.8600,11.9100,11.9200,11.9300,11.9400,11.9500,1896,1109,2874,1370,3761,123,1183,621,483,678
sz,000001,2016-01-04 09:55:43,11.9100,4,60736.0000,51.0000,B,11.9000,11.8900,11.8800,11.8700,11.8600,11.9100,11.9200,11.9300,11.9400,11.9500,1920,1115,2874,1370,3761,197,1183,621,483,678
sz,000001,2016-01-04 09:55:45,11.9100,2,61936.0000,52.0000,B,11.9000,11.8900,11.8800,11.8700,11.8600,11.9100,11.9200,11.9300,11.9400,11.9500,1930,1115,2874,1370,3761,145,1183,651,483,678
sz,000001,2016-01-04 09:55:49,11.9200,8,259104.0000,218.0000,B,11.9100,11.9000,11.8900,11.8800,11.8700,11.9200,11.9300,11.9400,11.9500,11.9600,204,1932,1115,2874,1370,1179,651,465,678,346
sz,000001,2016-01-04 09:55:52,11.9100,1,59552.0000,50.0000,S,11.9100,11.9000,11.8900,11.8800,11.8700,11.9200,11.9300,11.9400,11.9500,11.9600,357,1932,1115,2879,1370,1068,651,465,678,396
sz,000001,2016-01-04 09:55:55,11.9100,5,64320.0000,54.0000,S,11.9100,11.9000,11.8900,11.8800,11.8700,11.9200,11.9300,11.9400,11.9500,11.9600,524,1995,1240,2879,1370,1057,651,465,678,396
sz,000001,2016-01-04 09:55:58,11.9100,14,746104.0000,626.0000,S,11.9000,11.8900,11.8800,11.8700,11.8600,11.9100,11.9200,11.9300,11.9400,11.9500,2120,1240,2889,1370,3761,149,1057,651,465,807
sz,000001,2016-01-04 09:56:02,11.9100,4,34520.0000,29.0000,B,11.9000,11.8900,11.8800,11.8700,11.8600,11.9100,11.9200,11.9300,11.9400,11.9500,2094,1275,2893,1370,3761,141,1057,651,465,807
sz,000001,2016-01-04 09:56:04,11.9100,3,23816.0000,20.0000,B,11.9000,11.8900,11.8800,11.8700,11.8600,11.9100,11.9200,11.9300,11.9400,11.9500,2214,1275,2893,1370,3761,128,1057,651,465,381
sz,000001,2016-01-04 09:56:07,11.9100,4,23824.0000,20.0000,B,11.9000,11.8900,11.8800,11.8700,11.8600,11.9100,11.9200,11.9300,11.9400,11.9500,2244,1281,2873,870,3761,216,1062,651,465,381
sz,000001,2016-01-04 09:56:09,11.9000,12,161912.0000,136.0000,S,11.9000,11.8900,11.8800,11.8700,11.8600,11.9100,11.9200,11.9300,11.9400,11.9500,2178,1281,2873,870,3761,146,1062,651,465,381
sz,000001,2016-01-04 09:56:13,11.9100,8,157120.0000,132.0000,B,11.9000,11.8900,11.8800,11.8700,11.8600,11.9100,11.9200,11.9300,11.9400,11.9500,2132,1316,2853,870,3791,398,1062,651,416,237
sz,000001,2016-01-04 09:56:17,11.9100,4,47648.0000,40.0000,B,11.9000,11.8900,11.8800,11.8700,11.8600,11.9100,11.9200,11.9300,11.9400,11.9500,2150,1316,2853,870,3791,588,1062,621,416,237
sz,000001,2016-01-04 09:56:19,11.9100,5,136960.0000,115.0000,B,11.9000,11.8900,11.8800,11.8700,11.8600,11.9100,11.9200,11.9300,11.9400,11.9500,2150,1321,2853,870,3791,518,1076,621,416,237
sz,000001,2016-01-04 09:56:22,11.9100,6,79768.0000,67.0000,B,11.9000,11.8900,11.8800,11.8700,11.8600,11.9100,11.9200,11.9300,11.9400,11.9500,2125,1323,2873,870,3791,910,1076,612,416,237
sz,000001,2016-01-04 09:56:25,11.9000,2,23800.0000,20.0000,S,11.9000,11.8900,11.8800,11.8700,11.8600,11.9100,11.9200,11.9300,11.9400,11.9500,2109,1323,2873,870,3791,1024,1076,612,416,237
sz,000001,2016-01-04 09:56:29,11.9100,4,151256.0000,127.0000,B,11.9000,11.8900,11.8800,11.8700,11.8600,11.9100,11.9200,11.9300,11.9400,11.9500,2134,1323,2881,886,3791,897,1076,612,516,237
sz,000001,2016-01-04 09:56:31,11.9000,7,202688.0000,171.0000,S,11.9000,11.8900,11.8800,11.8700,11.8600,11.9100,11.9200,11.9300,11.9400,11.9500,2138,1323,2884,902,3791,857,1076,612,516,237
sz,000001,2016-01-04 09:56:34,11.9000,8,64272.0000,54.0000,S,11.9000,11.8900,11.8800,11.8700,11.8600,11.9100,11.9200,11.9300,11.9400,11.9500,2114,1378,2884,902,3816,1022,1076,473,516,237
sz,000001,2016-01-04 09:56:36,11.8900,164,4158888.0000,3496.0000,S,11.8800,11.8700,11.8600,11.8500,11.8400,11.8900,11.9100,11.9200,11.9300,11.9400,2884,902,3816,1738,26,2206,1019,1076,473,516
sz,000001,2016-01-04 09:56:40,11.8900,2,595688.0000,501.0000,B,11.8800,11.8700,11.8600,11.8500,11.8400,11.8900,11.9000,11.9100,11.9200,11.9300,2884,902,3816,1738,26,1705,7,1178,962,473
sz,000001,2016-01-04 09:56:43,11.8900,24,374248.0000,315.0000,B,11.8800,11.8700,11.8600,11.8500,11.8400,11.8900,11.9000,11.9100,11.9200,11.9300,2576,902,3903,1728,26,1678,8,1178,762,473
sz,000001,2016-01-04 09:56:47,11.8900,9,53352.0000,44.0000,B,11.8800,11.8700,11.8600,11.8500,11.8400,11.8900,11.9000,11.9100,11.9200,11.9300,2555,902,3903,1728,26,1768,13,1178,762,146
sz,000001,2016-01-04 09:56:48,11.8900,4,186680.0000,157.0000,B,11.8800,11.8700,11.8600,11.8500,11.8400,11.8900,11.9000,11.9100,11.9200,11.9300,2559,902,3903,1728,26,1611,352,1292,762,146
sz,000001,2016-01-04 09:56:51,11.8900,3,255632.0000,215.0000,B,11.8800,11.8700,11.8600,11.8500,11.8400,11.8900,11.9000,11.9100,11.9200,11.9300,2565,902,3866,1729,26,1396,352,1292,762,146
sz,000001,2016-01-04 09:56:56,11.8800,9,140232.0000,118.0000,S,11.8800,11.8700,11.8600,11.8500,11.8400,11.8900,11.9000,11.9100,11.9200,11.9300,2485,902,3866,1729,26,1346,491,1292,762,284
sz,000001,2016-01-04 09:56:58,11.8900,21,562048.0000,473.0000,B,11.8800,11.8700,11.8600,11.8500,11.8400,11.8900,11.9000,11.9100,11.9200,11.9300,2240,902,3866,1729,26,1223,496,1292,762,284
sz,000001,2016-01-04 09:57:01,11.8900,13,898336.0000,756.0000,B,11.8800,11.8700,11.8600,11.8500,11.8400,11.8900,11.9000,11.9100,11.9200,11.9300,1694,802,3866,1744,26,1013,696,1292,762,284
sz,000001,2016-01-04 09:57:05,11.8900,8,200936.0000,169.0000,B,11.8800,11.8700,11.8600,11.8500,11.8400,11.8900,11.9000,11.9100,11.9200,11.9300,1677,807,3866,1743,26,978,696,1292,762,284
sz,000001,2016-01-04 09:57:07,11.8800,1,47520.0000,40.0000,S,11.8800,11.8700,11.8600,11.8500,11.8400,11.8900,11.9000,11.9100,11.9200,11.9300,1654,809,3868,1748,26,978,696,1292,762,284
sz,000001,2016-01-04 09:57:11,11.8900,5,71336.0000,60.0000,B,11.8800,11.8700,11.8600,11.8500,11.8400,11.8900,11.9000,11.9100,11.9200,11.9300,1684,854,3906,1731,56,918,736,1292,762,284
sz,000001,2016-01-04 09:57:13,11.8900,5,38024.0000,32.0000,B,11.8800,11.8700,11.8600,11.8500,11.8400,11.8900,11.9000,11.9100,11.9200,11.9300,1662,864,3906,1731,56,908,736,1292,762,258
sz,000001,2016-01-04 09:57:16,11.8900,5,110504.0000,93.0000,B,11.8800,11.8700,11.8600,11.8500,11.8400,11.8900,11.9000,11.9100,11.9200,11.9300,1702,864,3906,1736,56,890,736,1292,761,258
sz,000001,2016-01-04 09:57:19,11.8800,4,67760.0000,57.0000,S,11.8800,11.8700,11.8600,11.8500,11.8400,11.8900,11.9000,11.9100,11.9200,11.9300,1692,871,3886,1736,56,724,736,1292,761,258
sz,000001,2016-01-04 09:57:22,11.8800,6,179416.0000,151.0000,S,11.8800,11.8700,11.8600,11.8500,11.8400,11.8900,11.9000,11.9100,11.9200,11.9300,1790,1076,3914,1886,56,695,746,1287,761,258
sz,000001,2016-01-04 09:57:26,11.8900,5,159328.0000,134.0000,B,11.8800,11.8700,11.8600,11.8500,11.8400,11.8900,11.9000,11.9100,11.9200,11.9300,1792,1076,3919,1882,106,561,434,1287,761,258
sz,000001,2016-01-04 09:57:28,11.8900,5,112936.0000,95.0000,B,11.8800,11.8700,11.8600,11.8500,11.8400,11.8900,11.9000,11.9100,11.9200,11.9300,1780,1076,3919,1892,126,486,599,1287,761,258
sz,000001,2016-01-04 09:57:32,11.8900,11,202032.0000,170.0000,B,11.8800,11.8700,11.8600,11.8500,11.8400,11.8900,11.9000,11.9100,11.9200,11.9300,1816,1060,3919,1892,136,453,609,1287,761,258
sz,000001,2016-01-04 09:57:34,11.8900,4,27344.0000,23.0000,B,11.8800,11.8700,11.8600,11.8500,11.8400,11.8900,11.9000,11.9100,11.9200,11.9300,1829,1039,3969,1892,186,432,609,1287,761,258
sz,000001,2016-01-04 09:57:37,11.8900,19,339856.0000,286.0000,B,11.8800,11.8700,11.8600,11.8500,11.8400,11.8900,11.9000,11.9100,11.9200,11.9300,1656,1039,3969,1892,191,460,609,1287,761,258
sz,000001,2016-01-04 09:57:40,11.8900,4,32104.0000,27.0000,B,11.8800,11.8700,11.8600,11.8500,11.8400,11.8900,11.9000,11.9100,11.9200,11.9300,1636,1059,3969,1902,218,433,723,1287,761,258
sz,000001,2016-01-04 09:57:44,11.8900,3,48744.0000,41.0000,B,11.8800,11.8700,11.8600,11.8500,11.8400,11.8900,11.9000,11.9100,11.9200,11.9300,1662,1054,3969,1902,312,517,723,1287,761,258
sz,000001,2016-01-04 09:57:46,11.8900,3,28400.0000,24.0000,B,11.8800,11.8700,11.8600,11.8500,11.8400,11.8900,11.9000,11.9100,11.9200,11.9300,1671,1054,3969,1902,312,504,723,1287,761,258
sz,000001,2016-01-04 09:57:48,11.8900,4,64160.0000,54.0000,S,11.8800,11.8700,11.8600,11.8500,11.8400,11.8900,11.9000,11.9100,11.9200,11.9300,1881,1084,3969,1902,312,490,722,1287,761,258
sz,000001,2016-01-04 09:57:53,11.8900,7,93928.0000,79.0000,B,11.8800,11.8700,11.8600,11.8500,11.8400,11.8900,11.9000,11.9100,11.9200,11.9300,1990,1092,3979,1902,312,450,722,1287,761,546
sz,000001,2016-01-04 09:57:55,11.8900,2,13080.0000,11.0000,B,11.8800,11.8700,11.8600,11.8500,11.8400,11.8900,11.9000,11.9100,11.9200,11.9300,2134,1109,3989,1936,312,439,704,1287,761,546
sz,000001,2016-01-04 09:57:58,11.8800,6,93888.0000,79.0000,S,11.8800,11.8700,11.8600,11.8500,11.8400,11.8900,11.9000,11.9100,11.9200,11.9300,2109,1159,3989,1936,312,400,803,1287,761,546
sz,000001,2016-01-04 09:58:01,11.8900,6,149816.0000,126.0000,B,11.8800,11.8700,11.8600,11.8500,11.8400,11.8900,11.9000,11.9100,11.9200,11.9300,2149,1259,3989,1936,412,275,803,1287,761,546
sz,000001,2016-01-04 09:58:04,11.8900,5,8320.0000,7.0000,B,11.8800,11.8700,11.8600,11.8500,11.8400,11.8900,11.9000,11.9100,11.9200,11.9300,2223,1279,3989,1941,412,268,803,1287,761,546
sz,000001,2016-01-04 09:58:07,11.8900,19,473128.0000,398.0000,B,11.8800,11.8700,11.8600,11.8500,11.8400,11.8900,11.9000,11.9100,11.9200,11.9300,2228,1279,3994,1946,412,320,803,1287,761,546
sz,000001,2016-01-04 09:58:10,11.8800,7,116496.0000,98.0000,S,11.8800,11.8700,11.8600,11.8500,11.8400,11.8900,11.9000,11.9100,11.9200,11.9300,2212,1379,3994,1946,412,249,803,1287,761,546
sz,000001,2016-01-04 09:58:12,11.8900,4,151000.0000,127.0000,B,11.8800,11.8700,11.8600,11.8500,11.8400,11.8900,11.9000,11.9100,11.9200,11.9300,2242,1349,3999,1946,412,122,803,1287,761,546
sz,000001,2016-01-04 09:58:16,11.8900,11,96288.0000,81.0000,B,11.8800,11.8700,11.8600,11.8500,11.8400,11.8900,11.9000,11.9100,11.9200,11.9300,2232,1357,3999,1946,412,66,1003,1287,761,546
sz,000001,2016-01-04 09:58:19,11.8900,8,454192.0000,382.0000,B,11.8800,11.8700,11.8600,11.8500,11.8400,11.8900,11.9000,11.9100,11.9200,11.9300,2278,1357,4105,1946,412,324,1003,1287,761,546
sz,000001,2016-01-04 09:58:22,11.8900,5,175976.0000,148.0000,B,11.8800,11.8700,11.8600,11.8500,11.8400,11.8900,11.9000,11.9100,11.9200,11.9300,2299,1357,4105,1947,412,176,1003,1018,761,546
sz,000001,2016-01-04 09:58:25,11.8900,9,148584.0000,125.0000,B,11.8800,11.8700,11.8600,11.8500,11.8400,11.8900,11.9000,11.9100,11.9200,11.9300,2305,1367,4107,1947,412,90,1003,1018,761,546
sz,000001,2016-01-04 09:58:28,11.8900,3,49936.0000,42.0000,B,11.8800,11.8700,11.8600,11.8500,11.8400,11.8900,11.9000,11.9100,11.9200,11.9300,2345,1367,4107,2047,412,112,1003,1018,761,546
